@Manual{R-abind,
  title = {abind: Combine Multidimensional Arrays},
  author = {Tony Plate and Richard Heiberger},
  year = {2016},
  note = {R package version 1.4-5},
  url = {https://CRAN.R-project.org/package=abind},
}
@Manual{R-acepack,
  title = {acepack: ACE and AVAS for Selecting Multiple Regression Transformations},
  author = {Phil Spector and Jerome Friedman and Robert Tibshirani and Thomas Lumley and Shawn Garbett and Jonathan Baron},
  year = {2016},
  note = {R package version 1.4.1},
  url = {https://CRAN.R-project.org/package=acepack},
}
@Manual{R-afex,
  title = {afex: Analysis of Factorial Experiments},
  author = {Henrik Singmann and Ben Bolker and Jake Westfall and Frederik Aust},
  year = {2018},
  note = {R package version 0.21-2},
  url = {https://CRAN.R-project.org/package=afex},
}
@Manual{R-AICcmodavg,
  title = {AICcmodavg: Model Selection and Multimodel Inference Based on (Q)AIC(c)},
  author = {Marc J. Mazerolle.},
  year = {2017},
  note = {R package version 2.1-1},
  url = {https://CRAN.R-project.org/package=AICcmodavg},
}
@Manual{R-animation,
  title = {animation: A Gallery of Animations in Statistics and Utilities to Create
Animations},
  author = {Yihui Xie},
  year = {2017},
  note = {R package version 2.5},
  url = {https://CRAN.R-project.org/package=animation},
}
@Manual{R-aod,
  title = {aod: Analysis of Overdispersed Data},
  author = {Matthieu Lesnoff and Renaud Lancelot},
  year = {2012},
  note = {R package version 1.3},
  url = {https://CRAN.R-project.org/package=aod},
}
@Manual{R-ape,
  title = {ape: Analyses of Phylogenetics and Evolution},
  author = {Emmanuel Paradis and Simon Blomberg and Ben Bolker and Joseph Brown and Julien Claude and Hoa Sien Cuong and Richard Desper and Gilles Didier and Benoit Durand and Julien Dutheil and RJ Ewing and Olivier Gascuel and Thomas Guillerme and Christoph Heibl and Anthony Ives and Bradley Jones and Franz Krah and Daniel Lawson and Vincent Lefort and Pierre Legendre and Jim Lemon and Rosemary McCloskey and Johan Nylander and Rainer Opgen-Rhein and Andrei-Alin Popescu and Manuela Royer-Carenzi and Klaus Schliep and Korbinian Strimmer and Damien {de Vienne}},
  year = {2018},
  note = {R package version 5.1},
  url = {https://CRAN.R-project.org/package=ape},
}
@Manual{R-arm,
  title = {arm: Data Analysis Using Regression and Multilevel/Hierarchical
Models},
  author = {Andrew Gelman and Yu-Sung Su},
  year = {2018},
  note = {R package version 1.10-1},
  url = {https://CRAN.R-project.org/package=arm},
}
@Manual{R-arrayhelpers,
  title = {arrayhelpers: Convenience Functions for Arrays},
  author = {C. Beleites},
  year = {2016},
  note = {R package version 1.0-20160527},
  url = {https://CRAN.R-project.org/package=arrayhelpers},
}
@Manual{R-aRxiv,
  title = {aRxiv: Interface to the arXiv API},
  author = {Karthik Ram and Karl Broman},
  year = {2017},
  note = {R package version 0.5.16},
  url = {https://CRAN.R-project.org/package=aRxiv},
}
@Manual{R-assertthat,
  title = {assertthat: Easy Pre and Post Assertions},
  author = {Hadley Wickham},
  year = {2017},
  note = {R package version 0.2.0},
  url = {https://CRAN.R-project.org/package=assertthat},
}
@Manual{R-audio,
  title = {audio: Audio Interface for R},
  author = {Simon Urbanek},
  year = {2018},
  note = {R package version 0.1-5.1},
  url = {https://CRAN.R-project.org/package=audio},
}
@Manual{R-available,
  title = {available: Check if the Title of a Package is Available, Appropriate and
Interesting},
  author = {Carl Ganz and Gábor Csárdi and Jim Hester and Molly Lewis and Rachael Tatman},
  year = {2017},
  note = {R package version 1.0.0},
  url = {https://CRAN.R-project.org/package=available},
}
@Manual{R-backports,
  title = {backports: Reimplementations of Functions Introduced Since R-3.0.0},
  author = {Michel Lang},
  year = {2017},
  note = {R package version 1.1.2},
  url = {https://CRAN.R-project.org/package=backports},
}
@Manual{R-base,
  title = {R: A Language and Environment for Statistical Computing},
  author = {{R Core Team}},
  organization = {R Foundation for Statistical Computing},
  address = {Vienna, Austria},
  year = {2018},
  url = {https://www.R-project.org/},
}
@Manual{R-base64enc,
  title = {base64enc: Tools for base64 encoding},
  author = {Simon Urbanek},
  year = {2015},
  note = {R package version 0.1-3},
  url = {https://CRAN.R-project.org/package=base64enc},
}
@Manual{R-BayesFactor,
  title = {BayesFactor: Computation of Bayes Factors for Common Designs},
  author = {Richard D. Morey and Jeffrey N. Rouder},
  year = {2018},
  note = {R package version 0.9.12-4.2},
  url = {https://CRAN.R-project.org/package=BayesFactor},
}
@Manual{R-BayesianFirstAid,
  title = {BayesianFirstAid: Bayesian replacements for the most commonly used statistical tests in R.},
  author = {Rasmus Bååth},
  note = {R package version 0.1},
  url = {http://www.sumsar.net},
  year = {2018},
}
@Manual{R-bayesmeta,
  title = {bayesmeta: Bayesian Random-Effects Meta-Analysis},
  author = {Christian Roever},
  year = {2018},
  note = {R package version 2.2},
  url = {https://CRAN.R-project.org/package=bayesmeta},
}
@Manual{R-bayesplot,
  title = {bayesplot: Plotting for Bayesian Models},
  author = {Jonah Gabry and Tristan Mahr},
  year = {2018},
  note = {R package version 1.5.0},
  url = {https://CRAN.R-project.org/package=bayesplot},
}
@Manual{R-bayess,
  title = {bayess: Bayesian Essentials with R},
  author = {Christian P. Robert and Universite Paris Dauphine and Jean-Michel Marin and Universite Montpellier 2},
  year = {2013},
  note = {R package version 1.4},
  url = {https://CRAN.R-project.org/package=bayess},
}
@Manual{R-BB,
  title = {BB: Solving and Optimizing Large-Scale Nonlinear Systems},
  author = {Ravi Varadhan and Paul Gilbert},
  year = {2014},
  note = {R package version 2014.10-1},
  url = {https://CRAN.R-project.org/package=BB},
}
@Manual{R-beepr,
  title = {beepr: Easily Play Notification Sounds on any Platform},
  author = {Rasmus Bååth},
  year = {2018},
  note = {R package version 1.3},
  url = {https://CRAN.R-project.org/package=beepr},
}
@Manual{R-beeswarm,
  title = {beeswarm: The Bee Swarm Plot, an Alternative to Stripchart},
  author = {Aron Eklund},
  year = {2016},
  note = {R package version 0.2.3},
  url = {https://CRAN.R-project.org/package=beeswarm},
}
@Manual{R-BEST,
  title = {BEST: Bayesian Estimation Supersedes the t-Test},
  author = {John K. Kruschke and Mike Meredith},
  year = {2018},
  note = {R package version 0.5.1},
  url = {https://CRAN.R-project.org/package=BEST},
}
@Manual{R-BFDA,
  title = {BFDA: Bayes Factor Design Analysis},
  author = {Felix D. Schönbrodt},
  year = {2017},
  note = {R package version 0.3},
}
@Manual{R-BH,
  title = {BH: Boost C++ Header Files},
  author = {Dirk Eddelbuettel and John W. Emerson and Michael J. Kane},
  year = {2018},
  note = {R package version 1.66.0-1},
  url = {https://CRAN.R-project.org/package=BH},
}
@Manual{R-bibtex,
  title = {bibtex: Bibtex Parser},
  author = {Romain Francois},
  year = {2017},
  note = {R package version 0.4.2},
  url = {https://CRAN.R-project.org/package=bibtex},
}
@Manual{R-bindr,
  title = {bindr: Parametrized Active Bindings},
  author = {Kirill Müller},
  year = {2018},
  note = {R package version 0.1.1},
  url = {https://CRAN.R-project.org/package=bindr},
}
@Manual{R-bindrcpp,
  title = {bindrcpp: An 'Rcpp' Interface to Active Bindings},
  author = {Kirill Müller},
  year = {2018},
  note = {R package version 0.2.2},
  url = {https://CRAN.R-project.org/package=bindrcpp},
}
@Manual{R-biosignalEMG,
  title = {biosignalEMG: Tools for Electromyogram Signals (EMG) Analysis},
  author = {J.A. Guerrero and J.E. Macias-Diaz},
  year = {2018},
  note = {R package version 2.1.0},
  url = {https://CRAN.R-project.org/package=biosignalEMG},
}
@Manual{R-bit,
  title = {bit: A Class for Vectors of 1-Bit Booleans},
  author = {Jens Oehlschlägel},
  year = {2018},
  note = {R package version 1.1-14},
  url = {https://CRAN.R-project.org/package=bit},
}
@Manual{R-bit64,
  title = {bit64: A S3 Class for Vectors of 64bit Integers},
  author = {Jens Oehlschlägel},
  year = {2017},
  note = {R package version 0.9-7},
  url = {https://CRAN.R-project.org/package=bit64},
}
@Manual{R-bitops,
  title = {bitops: Bitwise Operations},
  author = {Steve Dutky and Martin Maechler},
  year = {2013},
  note = {R package version 1.0-6},
  url = {https://CRAN.R-project.org/package=bitops},
}
@Manual{R-blme,
  title = {blme: Bayesian Linear Mixed-Effects Models},
  author = {Vincent Dorie},
  year = {2015},
  note = {R package version 1.0-4},
  url = {https://CRAN.R-project.org/package=blme},
}
@Manual{R-blogdown,
  title = {blogdown: Create Blogs and Websites with R Markdown},
  author = {Yihui Xie},
  year = {2018},
  note = {R package version 0.6},
  url = {https://CRAN.R-project.org/package=blogdown},
}
@Manual{R-bookdown,
  title = {bookdown: Authoring Books and Technical Documents with R Markdown},
  author = {Yihui Xie},
  year = {2018},
  note = {R package version 0.7},
  url = {https://CRAN.R-project.org/package=bookdown},
}
@Manual{R-boot,
  title = {boot: Bootstrap Functions (Originally by Angelo Canty for S)},
  author = {Angelo Canty and Brian Ripley},
  year = {2017},
  note = {R package version 1.3-20},
  url = {https://CRAN.R-project.org/package=boot},
}
@Manual{R-brew,
  title = {brew: Templating Framework for Report Generation},
  author = {Jeffrey Horner},
  year = {2011},
  note = {R package version 1.0-6},
  url = {https://CRAN.R-project.org/package=brew},
}
@Manual{R-bridgesampling,
  title = {bridgesampling: Bridge Sampling for Marginal Likelihoods and Bayes Factors},
  author = {Quentin F. Gronau and Henrik Singmann},
  year = {2017},
  note = {R package version 0.4-0},
  url = {https://CRAN.R-project.org/package=bridgesampling},
}
@Manual{R-brms,
  title = {brms: Bayesian Regression Models using 'Stan'},
  author = {Paul-Christian Bürkner},
  year = {2018},
  note = {R package version 2.3.1},
  url = {https://CRAN.R-project.org/package=brms},
}
@Manual{R-brmstools,
  title = {brmstools: Tools and Helpers for brms Package},
  author = {Matti Vuorre},
  year = {2017},
  note = {R package version 0.5.1},
}
@Manual{R-Brobdingnag,
  title = {Brobdingnag: Very Large Numbers in R},
  author = {Robin K. S. Hankin},
  year = {2018},
  note = {R package version 1.2-5},
  url = {https://CRAN.R-project.org/package=Brobdingnag},
}
@Manual{R-broom,
  title = {broom: Convert Statistical Analysis Objects into Tidy Data Frames},
  author = {David Robinson},
  year = {2018},
  note = {R package version 0.4.5},
  url = {https://CRAN.R-project.org/package=broom},
}
@Manual{R-callr,
  title = {callr: Call R from R},
  author = {Gábor Csárdi and Winston Chang},
  year = {2018},
  note = {R package version 2.0.4},
  url = {https://CRAN.R-project.org/package=callr},
}
@Manual{R-car,
  title = {car: Companion to Applied Regression},
  author = {John Fox and Sanford Weisberg and Brad Price},
  year = {2018},
  note = {R package version 3.0-0},
  url = {https://CRAN.R-project.org/package=car},
}
@Manual{R-carData,
  title = {carData: Companion to Applied Regression Data Sets},
  author = {John Fox and Sanford Weisberg and Brad Price},
  year = {2018},
  note = {R package version 3.0-1},
  url = {https://CRAN.R-project.org/package=carData},
}
@Manual{R-caret,
  title = {caret: Classification and Regression Training},
  author = {Max Kuhn. Contributions from Jed Wing and Steve Weston and Andre Williams and Chris Keefer and Allan Engelhardt and Tony Cooper and Zachary Mayer and Brenton Kenkel and the R Core Team and Michael Benesty and Reynald Lescarbeau and Andrew Ziem and Luca Scrucca and Yuan Tang and Can Candan and Tyler Hunt.},
  year = {2018},
  note = {R package version 6.0-80},
  url = {https://CRAN.R-project.org/package=caret},
}
@Manual{R-caTools,
  title = {caTools: Tools: moving window statistics, GIF, Base64, ROC AUC, etc.},
  author = {Jarek Tuszynski},
  year = {2014},
  note = {R package version 1.17.1},
  url = {https://CRAN.R-project.org/package=caTools},
}
@Manual{R-cellranger,
  title = {cellranger: Translate Spreadsheet Cell Ranges to Rows and Columns},
  author = {Jennifer Bryan},
  year = {2016},
  note = {R package version 1.1.0},
  url = {https://CRAN.R-project.org/package=cellranger},
}
@Manual{R-checkmate,
  title = {checkmate: Fast and Versatile Argument Checks},
  author = {Michel Lang},
  year = {2017},
  note = {R package version 1.8.5},
  url = {https://CRAN.R-project.org/package=checkmate},
}
@Manual{R-class,
  title = {class: Functions for Classification},
  author = {Brian Ripley},
  year = {2015},
  note = {R package version 7.3-14},
  url = {https://CRAN.R-project.org/package=class},
}
@Manual{R-cli,
  title = {cli: Helpers for Developing Command Line Interfaces},
  author = {Gábor Csárdi},
  year = {2017},
  note = {R package version 1.0.0},
  url = {https://CRAN.R-project.org/package=cli},
}
@Manual{R-clipr,
  title = {clipr: Read and Write from the System Clipboard},
  author = {Matthew Lincoln},
  year = {2018},
  note = {R package version 0.4.1},
  url = {https://CRAN.R-project.org/package=clipr},
}
@Manual{R-clisymbols,
  title = {clisymbols: Unicode Symbols at the R Prompt},
  author = {Gábor Csárdi and Sindre Sorhus},
  year = {2017},
  note = {R package version 1.2.0},
  url = {https://CRAN.R-project.org/package=clisymbols},
}
@Manual{R-cluster,
  title = {cluster: "Finding Groups in Data": Cluster Analysis Extended Rousseeuw et
al.},
  author = {Martin Maechler and Peter Rousseeuw and Anja Struyf and Mia Hubert},
  year = {2018},
  note = {R package version 2.0.7-1},
  url = {https://CRAN.R-project.org/package=cluster},
}
@Manual{R-coda,
  title = {coda: Output Analysis and Diagnostics for MCMC},
  author = {Martyn Plummer and Nicky Best and Kate Cowles and Karen Vines and Deepayan Sarkar and Douglas Bates and Russell Almond and Arni Magnusson},
  year = {2016},
  note = {R package version 0.19-1},
  url = {https://CRAN.R-project.org/package=coda},
}
@Manual{R-codetools,
  title = {codetools: Code Analysis Tools for R},
  author = {Luke Tierney},
  year = {2016},
  note = {R package version 0.2-15},
  url = {https://CRAN.R-project.org/package=codetools},
}
@Manual{R-coin,
  title = {coin: Conditional Inference Procedures in a Permutation Test Framework},
  author = {Torsten Hothorn and Kurt Hornik and Mark A. {van de Wiel} and Henric Winell and Achim Zeileis},
  year = {2017},
  note = {R package version 1.2-2},
  url = {https://CRAN.R-project.org/package=coin},
}
@Manual{R-colorspace,
  title = {colorspace: Color Space Manipulation},
  author = {Ross Ihaka and Paul Murrell and Kurt Hornik and Jason C. Fisher and Reto Stauffer and Achim Zeileis},
  year = {2016},
  note = {R package version 1.3-2},
  url = {https://CRAN.R-project.org/package=colorspace},
}
@Manual{R-colourpicker,
  title = {colourpicker: A Colour Picker Tool for Shiny and for Selecting Colours in
Plots},
  author = {Dean Attali},
  year = {2017},
  note = {R package version 1.0},
  url = {https://CRAN.R-project.org/package=colourpicker},
}
@Manual{R-combinat,
  title = {combinat: combinatorics utilities},
  author = {Scott Chasalow},
  year = {2012},
  note = {R package version 0.0-8},
  url = {https://CRAN.R-project.org/package=combinat},
}
@Manual{R-commonmark,
  title = {commonmark: High Performance CommonMark and Github Markdown Rendering in R},
  author = {Jeroen Ooms},
  year = {2018},
  note = {R package version 1.5},
  url = {https://CRAN.R-project.org/package=commonmark},
}
@Manual{R-compare,
  title = {compare: Comparing Objects for Differences},
  author = {Paul Murrell},
  year = {2015},
  note = {R package version 0.2-6},
  url = {https://CRAN.R-project.org/package=compare},
}
@Manual{R-compute.es,
  title = {compute.es: Compute Effect Sizes},
  author = {AC Del Re},
  year = {2014},
  note = {R package version 0.2-4},
  url = {https://CRAN.R-project.org/package=compute.es},
}
@Manual{R-contfrac,
  title = {contfrac: Continued Fractions},
  author = {Robin K. S. Hankin},
  year = {2018},
  note = {R package version 1.1-12},
  url = {https://CRAN.R-project.org/package=contfrac},
}
@Manual{R-corpcor,
  title = {corpcor: Efficient Estimation of Covariance and (Partial) Correlation},
  author = {Juliane Schafer and Rainer Opgen-Rhein and Verena Zuber and Miika Ahdesmaki and A. Pedro Duarte Silva and Korbinian Strimmer.},
  year = {2017},
  note = {R package version 1.6.9},
  url = {https://CRAN.R-project.org/package=corpcor},
}
@Manual{R-corrplot,
  title = {corrplot: Visualization of a Correlation Matrix},
  author = {Taiyun Wei and Viliam Simko},
  year = {2017},
  note = {R package version 0.84},
  url = {https://CRAN.R-project.org/package=corrplot},
}
@Manual{R-covr,
  title = {covr: Test Coverage for Packages},
  author = {Jim Hester},
  year = {2018},
  note = {R package version 3.1.0},
  url = {https://CRAN.R-project.org/package=covr},
}
@Manual{R-cowplot,
  title = {cowplot: Streamlined Plot Theme and Plot Annotations for 'ggplot2'},
  author = {Claus O. Wilke},
  year = {2017},
  note = {R package version 0.9.2},
  url = {https://CRAN.R-project.org/package=cowplot},
}
@Manual{R-crayon,
  title = {crayon: Colored Terminal Output},
  author = {Gábor Csárdi},
  year = {2017},
  note = {R package version 1.3.4},
  url = {https://CRAN.R-project.org/package=crayon},
}
@Manual{R-crminer,
  title = {crminer: Fetch 'Scholary' Full Text from 'Crossref'},
  author = {Scott Chamberlain},
  year = {2017},
  note = {R package version 0.1.4},
  url = {https://CRAN.R-project.org/package=crminer},
}
@Manual{R-crosstalk,
  title = {crosstalk: Inter-Widget Interactivity for HTML Widgets},
  author = {Joe Cheng},
  year = {2016},
  note = {R package version 1.0.0},
  url = {https://CRAN.R-project.org/package=crosstalk},
}
@Manual{R-crul,
  title = {crul: HTTP Client},
  author = {Scott Chamberlain},
  year = {2018},
  note = {R package version 0.5.2},
  url = {https://CRAN.R-project.org/package=crul},
}
@Manual{R-cubature,
  title = {cubature: Adaptive Multivariate Integration over Hypercubes},
  author = {Balasubramanian Narasimhan and Steven G. Johnson},
  year = {2018},
  note = {R package version 1.4},
  url = {https://CRAN.R-project.org/package=cubature},
}
@Manual{R-curl,
  title = {curl: A Modern and Flexible Web Client for R},
  author = {Jeroen Ooms},
  year = {2018},
  note = {R package version 3.2},
  url = {https://CRAN.R-project.org/package=curl},
}
@Manual{R-CVST,
  title = {CVST: Fast Cross-Validation via Sequential Testing},
  author = {Tammo Krueger and Mikio Braun},
  year = {2018},
  note = {R package version 0.2-2},
  url = {https://CRAN.R-project.org/package=CVST},
}
@Manual{R-data.table,
  title = {data.table: Extension of `data.frame`},
  author = {Matt Dowle and Arun Srinivasan},
  year = {2018},
  note = {R package version 1.11.4},
  url = {https://CRAN.R-project.org/package=data.table},
}
@Manual{R-data.tree,
  title = {data.tree: General Purpose Hierarchical Data Structure},
  author = {Christoph Glur},
  year = {2018},
  note = {R package version 0.7.6},
  url = {https://CRAN.R-project.org/package=data.tree},
}
@Manual{R-datasauRus,
  title = {datasauRus: Datasets from the Datasaurus Dozen},
  author = {Steph Locke and Lucy {D'Agostino McGowan}},
  year = {2017},
  note = {R package version 0.1.2},
  url = {https://CRAN.R-project.org/package=datasauRus},
}
@Manual{R-DBI,
  title = {DBI: R Database Interface},
  author = {{R Special Interest Group on Databases (R-SIG-DB)} and Hadley Wickham and Kirill Müller},
  year = {2018},
  note = {R package version 1.0.0},
  url = {https://CRAN.R-project.org/package=DBI},
}
@Manual{R-dbplyr,
  title = {dbplyr: A 'dplyr' Back End for Databases},
  author = {Hadley Wickham and Edgar Ruiz},
  year = {2018},
  note = {R package version 1.2.1},
  url = {https://CRAN.R-project.org/package=dbplyr},
}
@Manual{R-ddalpha,
  title = {ddalpha: Depth-Based Classification and Calculation of Data Depth},
  author = {Oleksii Pokotylo and Pavlo Mozharovskyi and Rainer Dyckerhoff and Stanislav Nagy},
  year = {2018},
  note = {R package version 1.3.4},
  url = {https://CRAN.R-project.org/package=ddalpha},
}
@Manual{R-debugme,
  title = {debugme: Debug R Packages},
  author = {Gábor Csárdi},
  year = {2017},
  note = {R package version 1.1.0},
  url = {https://CRAN.R-project.org/package=debugme},
}
@Manual{R-deldir,
  title = {deldir: Delaunay Triangulation and Dirichlet (Voronoi) Tessellation},
  author = {Rolf Turner},
  year = {2018},
  note = {R package version 0.1-15},
  url = {https://CRAN.R-project.org/package=deldir},
}
@Manual{R-DEoptimR,
  title = {DEoptimR: Differential Evolution Optimization in Pure R},
  author = {Eduardo L. T. Conceicao},
  year = {2016},
  note = {R package version 1.0-8},
  url = {https://CRAN.R-project.org/package=DEoptimR},
}
@Manual{R-desc,
  title = {desc: Manipulate DESCRIPTION Files},
  author = {Gábor Csárdi and Kirill Müller and Jim Hester},
  year = {2018},
  note = {R package version 1.2.0},
  url = {https://CRAN.R-project.org/package=desc},
}
@Manual{R-deSolve,
  title = {deSolve: Solvers for Initial Value Problems of Differential Equations
('ODE', 'DAE', 'DDE')},
  author = {Karline Soetaert and Thomas Petzoldt and R. Woodrow Setzer},
  year = {2018},
  note = {R package version 1.21},
  url = {https://CRAN.R-project.org/package=deSolve},
}
@Manual{R-devtools,
  title = {devtools: Tools to Make Developing R Packages Easier},
  author = {Hadley Wickham and Jim Hester and Winston Chang},
  year = {2018},
  note = {R package version 1.13.6},
  url = {https://CRAN.R-project.org/package=devtools},
}
@Manual{R-dfoptim,
  title = {dfoptim: Derivative-Free Optimization},
  author = {Ravi Varadhan and Johns Hopkins University and Hans W. Borchers and ABB Corporate Research.},
  year = {2018},
  note = {R package version 2018.2-1},
  url = {https://CRAN.R-project.org/package=dfoptim},
}
@Manual{R-DiagrammeR,
  title = {DiagrammeR: Graph/Network Visualization},
  author = {Richard Iannone},
  year = {2018},
  note = {R package version 1.0.0},
  url = {https://CRAN.R-project.org/package=DiagrammeR},
}
@Manual{R-DiagrammeRsvg,
  title = {DiagrammeRsvg: Export DiagrammeR Graphviz Graphs as SVG},
  author = {Richard Iannone},
  year = {2016},
  note = {R package version 0.1},
  url = {https://CRAN.R-project.org/package=DiagrammeRsvg},
}
@Manual{R-dichromat,
  title = {dichromat: Color Schemes for Dichromats},
  author = {Thomas Lumley},
  year = {2013},
  note = {R package version 2.0-0},
  url = {https://CRAN.R-project.org/package=dichromat},
}
@Manual{R-digest,
  title = {digest: Create Compact Hash Digests of R Objects},
  author = {Dirk Eddelbuettel},
  year = {2018},
  note = {R package version 0.6.15},
  url = {https://CRAN.R-project.org/package=digest},
}
@Manual{R-dimRed,
  title = {dimRed: A Framework for Dimensionality Reduction},
  author = {Guido Kraemer},
  year = {2017},
  note = {R package version 0.1.0},
  url = {https://CRAN.R-project.org/package=dimRed},
}
@Manual{R-doMC,
  title = {doMC: Foreach Parallel Adaptor for 'parallel'},
  author = {Revolution Analytics and Steve Weston},
  year = {2017},
  note = {R package version 1.3.5},
  url = {https://CRAN.R-project.org/package=doMC},
}
@Manual{R-doParallel,
  title = {doParallel: Foreach Parallel Adaptor for the 'parallel' Package},
  author = {Microsoft Corporation and Steve Weston},
  year = {2017},
  note = {R package version 1.0.11},
  url = {https://CRAN.R-project.org/package=doParallel},
}
@Manual{R-doRNG,
  title = {doRNG: Generic Reproducible Parallel Backend for 'foreach' Loops},
  author = {Renaud Gaujoux},
  year = {2018},
  note = {R package version 1.7.1},
  url = {https://CRAN.R-project.org/package=doRNG},
}
@Manual{R-downloader,
  title = {downloader: Download Files over HTTP and HTTPS},
  author = {Winston Chang},
  year = {2015},
  note = {R package version 0.4},
  url = {https://CRAN.R-project.org/package=downloader},
}
@Manual{R-dplyr,
  title = {dplyr: A Grammar of Data Manipulation},
  author = {Hadley Wickham and Romain François and Lionel Henry and Kirill Müller},
  year = {2018},
  note = {R package version 0.7.6},
  url = {https://CRAN.R-project.org/package=dplyr},
}
@Manual{R-DRR,
  title = {DRR: Dimensionality Reduction via Regression},
  author = {Guido Kraemer},
  year = {2018},
  note = {R package version 0.0.3},
  url = {https://CRAN.R-project.org/package=DRR},
}
@Manual{R-DT,
  title = {DT: A Wrapper of the JavaScript Library 'DataTables'},
  author = {Yihui Xie},
  year = {2018},
  note = {R package version 0.4},
  url = {https://CRAN.R-project.org/package=DT},
}
@Manual{R-dygraphs,
  title = {dygraphs: Interface to 'Dygraphs' Interactive Time Series Charting Library},
  author = {Dan Vanderkam and JJ Allaire and Jonathan Owen and Daniel Gromer and Benoit Thieurmel},
  year = {2018},
  note = {R package version 1.1.1.5},
  url = {https://CRAN.R-project.org/package=dygraphs},
}
@Manual{R-dynr,
  title = {dynr: Dynamic Modeling in R},
  author = {Lu Ou and Michael D. Hunter and Sy-Miin Chow},
  year = {2018},
  note = {R package version 0.1.12-5},
  url = {https://CRAN.R-project.org/package=dynr},
}
@Manual{R-effects,
  title = {effects: Effect Displays for Linear, Generalized Linear, and Other Models},
  author = {John Fox and Sanford Weisberg and Michael Friendly and Jangman Hong},
  year = {2018},
  note = {R package version 4.0-2},
  url = {https://CRAN.R-project.org/package=effects},
}
@Manual{R-effsize,
  title = {effsize: Efficient Effect Size Computation},
  author = {Marco Torchiano},
  year = {2017},
  note = {R package version 0.7.1},
  url = {https://CRAN.R-project.org/package=effsize},
}
@Manual{R-ellipse,
  title = {ellipse: Functions for Drawing Ellipses and Ellipse-Like Confidence
Regions},
  author = {Duncan Murdoch and E. D. Chow},
  year = {2018},
  note = {R package version 0.4.1},
  url = {https://CRAN.R-project.org/package=ellipse},
}
@Manual{R-elliptic,
  title = {elliptic: Elliptic Functions},
  author = {Robin K. S. Hankin},
  year = {2016},
  note = {R package version 1.3-7},
  url = {https://CRAN.R-project.org/package=elliptic},
}
@Manual{R-emmeans,
  title = {emmeans: Estimated Marginal Means, aka Least-Squares Means},
  author = {Russell Lenth},
  year = {2018},
  note = {R package version 1.2.2},
  url = {https://CRAN.R-project.org/package=emmeans},
}
@Manual{R-emojifont,
  title = {emojifont: Emoji and Font Awesome in Graphics},
  author = {Guangchuang Yu},
  year = {2018},
  note = {R package version 0.5.2},
  url = {https://CRAN.R-project.org/package=emojifont},
}
@Manual{R-ESTER,
  title = {ESTER: Efficient Sequential Testing with Evidence Ratios},
  author = {Ladislas Nalborczyk},
  year = {2018},
  note = {R package version 0.2.1},
  url = {https://github.com/lnalborczyk/ESTER},
}
@Manual{R-estimability,
  title = {estimability: Tools for Assessing Estimability of Linear Predictions},
  author = {Russell Lenth},
  year = {2018},
  note = {R package version 1.3},
  url = {https://CRAN.R-project.org/package=estimability},
}
@Manual{R-evaluate,
  title = {evaluate: Parsing and Evaluation Tools that Provide More Details than the
Default},
  author = {Hadley Wickham},
  year = {2017},
  note = {R package version 0.10.1},
  url = {https://CRAN.R-project.org/package=evaluate},
}
@Manual{R-expm,
  title = {expm: Matrix Exponential, Log, 'etc'},
  author = {Vincent Goulet and Christophe Dutang and Martin Maechler and David Firth and Marina Shapira and Michael Stadelmann},
  year = {2017},
  note = {R package version 0.999-2},
  url = {https://CRAN.R-project.org/package=expm},
}
@Manual{R-extrafont,
  title = {extrafont: Tools for using fonts},
  author = {Winston Chang,},
  year = {2014},
  note = {R package version 0.17},
  url = {https://CRAN.R-project.org/package=extrafont},
}
@Manual{R-extrafontdb,
  title = {extrafontdb: Package for holding the database for the extrafont package},
  author = {Winston Chang},
  year = {2012},
  note = {R package version 1.0},
  url = {https://CRAN.R-project.org/package=extrafontdb},
}
@Manual{R-feather,
  title = {feather: R Bindings to the Feather 'API'},
  author = {Hadley Wickham},
  year = {2016},
  note = {R package version 0.3.1},
  url = {https://CRAN.R-project.org/package=feather},
}
@Manual{R-FNN,
  title = {FNN: Fast Nearest Neighbor Search Algorithms and Applications},
  author = {Alina Beygelzimer and Sham Kakadet and John Langford and Sunil Arya and David Mount and Shengqiao Li},
  year = {2013},
  note = {R package version 1.1},
  url = {https://CRAN.R-project.org/package=FNN},
}
@Manual{R-fontBitstreamVera,
  title = {fontBitstreamVera: Fonts with 'Bitstream Vera Fonts' License},
  author = {Lionel Henry},
  year = {2017},
  note = {R package version 0.1.1},
  url = {https://CRAN.R-project.org/package=fontBitstreamVera},
}
@Manual{R-fontLiberation,
  title = {fontLiberation: Liberation Fonts},
  author = {{Pravin Satpute} and {Steve Matteson}},
  year = {2016},
  note = {R package version 0.1.0},
  url = {https://CRAN.R-project.org/package=fontLiberation},
}
@Manual{R-fontquiver,
  title = {fontquiver: Set of Installed Fonts},
  author = {Lionel Henry},
  year = {2017},
  note = {R package version 0.2.1},
  url = {https://CRAN.R-project.org/package=fontquiver},
}
@Manual{R-forcats,
  title = {forcats: Tools for Working with Categorical Variables (Factors)},
  author = {Hadley Wickham},
  year = {2018},
  note = {R package version 0.3.0},
  url = {https://CRAN.R-project.org/package=forcats},
}
@Manual{R-foreach,
  title = {foreach: Provides Foreach Looping Construct for R},
  author = {{Revolution Analytics} and Steve Weston}},
  year = {2017},
  note = {R package version 1.4.4},
  url = {https://CRAN.R-project.org/package=foreach},
}
@Manual{R-forecast,
  title = {forecast: Forecasting Functions for Time Series and Linear Models},
  author = {Rob Hyndman and George Athanasopoulos and Christoph Bergmeir and Gabriel Caceres and Leanne Chhay and Mitchell O'Hara-Wild and Fotios Petropoulos and Slava Razbash and Earo Wang and Farah Yasmeen},
  year = {2018},
  note = {R package version 8.4},
  url = {https://CRAN.R-project.org/package=forecast},
}
@Manual{R-foreign,
  title = {foreign: Read Data Stored by 'Minitab', 'S', 'SAS', 'SPSS', 'Stata',
'Systat', 'Weka', 'dBase', ...},
  author = {{R Core Team}},
  year = {2017},
  note = {R package version 0.8-70},
  url = {https://CRAN.R-project.org/package=foreign},
}
@Manual{R-forestplot,
  title = {forestplot: Advanced Forest Plot Using 'grid' Graphics},
  author = {Max Gordon and Thomas Lumley},
  year = {2017},
  note = {R package version 1.7.2},
  url = {https://CRAN.R-project.org/package=forestplot},
}
@Manual{R-formatR,
  title = {formatR: Format R Code Automatically},
  author = {Yihui Xie},
  year = {2017},
  note = {R package version 1.5},
  url = {https://CRAN.R-project.org/package=formatR},
}
@Manual{R-Formula,
  title = {Formula: Extended Model Formulas},
  author = {Achim Zeileis and Yves Croissant},
  year = {2018},
  note = {R package version 1.2-3},
  url = {https://CRAN.R-project.org/package=Formula},
}
@Manual{R-fracdiff,
  title = {fracdiff: Fractionally differenced ARIMA aka ARFIMA(p,d,q) models},
  author = {S original by Chris Fraley and {U.Washington} and Seattle. R port by Fritz Leisch at TU Wien; since 2003-12: Martin Maechler; fdGPH and {fdSperio} and etc by Valderio Reisen and Artur Lemonte.},
  year = {2012},
  note = {R package version 1.4-2},
  url = {https://CRAN.R-project.org/package=fracdiff},
}
@Manual{R-fulltext,
  title = {fulltext: Full Text of 'Scholarly' Articles Across Many Data Sources},
  author = {Scott Chamberlain},
  year = {2018},
  note = {R package version 1.0.1},
  url = {https://CRAN.R-project.org/package=fulltext},
}
@Manual{R-future,
  title = {future: Unified Parallel and Distributed Processing in R for Everyone},
  author = {Henrik Bengtsson},
  year = {2018},
  note = {R package version 1.8.1},
  url = {https://CRAN.R-project.org/package=future},
}
@Manual{R-gamm4,
  title = {gamm4: Generalized Additive Mixed Models using 'mgcv' and 'lme4'},
  author = {Simon Wood and Fabian Scheipl},
  year = {2017},
  note = {R package version 0.2-5},
  url = {https://CRAN.R-project.org/package=gamm4},
}
@Manual{R-gapminder,
  title = {gapminder: Data from Gapminder},
  author = {Jennifer Bryan},
  year = {2017},
  note = {R package version 0.3.0},
  url = {https://CRAN.R-project.org/package=gapminder},
}
@Manual{R-gbRd,
  title = {gbRd: Utilities for processing Rd objects and files},
  author = {Georgi N. Boshnakov},
  year = {2012},
  note = {R package version 0.4-11},
  url = {https://CRAN.R-project.org/package=gbRd},
}
@Manual{R-gdata,
  title = {gdata: Various R Programming Tools for Data Manipulation},
  author = {Gregory R. Warnes and Ben Bolker and Gregor Gorjanc and Gabor Grothendieck and Ales Korosec and Thomas Lumley and Don MacQueen and Arni Magnusson and Jim Rogers and {others}},
  year = {2017},
  note = {R package version 2.18.0},
  url = {https://CRAN.R-project.org/package=gdata},
}
@Manual{R-gdtools,
  title = {gdtools: Utilities for Graphical Rendering},
  author = {David Gohel and Hadley Wickham and Lionel Henry and Jeroen Ooms},
  year = {2018},
  note = {R package version 0.1.7},
  url = {https://CRAN.R-project.org/package=gdtools},
}
@Manual{R-geepack,
  title = {geepack: Generalized Estimating Equation Package},
  author = {Søren Højsgaard and Ulrich Halekoh and Jun Yan,},
  year = {2016},
  note = {R package version 1.2-1},
  url = {https://CRAN.R-project.org/package=geepack},
}
@Manual{R-gender,
  title = {gender: Predict Gender from Names Using Historical Data},
  author = {Lincoln Mullen},
  year = {2018},
  note = {R package version 0.5.2},
  url = {https://CRAN.R-project.org/package=gender},
}
@Manual{R-genderdata,
  title = {genderdata: Historical Datasets for Predicting Gender from Names},
  author = {Lincoln Mullen},
  year = {2017},
  note = {R package version 0.5.0},
  url = {https://github.com/ropensci/genderdata},
}
@Manual{R-geometry,
  title = {geometry: Mesh Generation and Surface Tesselation},
  author = {Kai Habel and Raoul Grasman and Robert B. Gramacy and Andreas Stahel and David C. Sterratt},
  year = {2015},
  note = {R package version 0.3-6},
  url = {https://CRAN.R-project.org/package=geometry},
}
@Manual{R-GGally,
  title = {GGally: Extension to 'ggplot2'},
  author = {Barret Schloerke and Jason Crowley and Di Cook and Francois Briatte and Moritz Marbach and Edwin Thoen and Amos Elberg and Joseph Larmarange},
  year = {2018},
  note = {R package version 1.4.0},
  url = {https://CRAN.R-project.org/package=GGally},
}
@Manual{R-gganimate,
  title = {gganimate: Create easy animations with ggplot2},
  author = {{c))}},
  year = {2016},
  note = {R package version 0.1.0.9000},
  url = {http://github.com/dgrtwo/gganimate},
}
@Manual{R-ggbeeswarm,
  title = {ggbeeswarm: Categorical Scatter (Violin Point) Plots},
  author = {Erik Clarke and Scott Sherrill-Mix},
  year = {2017},
  note = {R package version 0.6.0},
  url = {https://CRAN.R-project.org/package=ggbeeswarm},
}
@Manual{R-ggdendro,
  title = {ggdendro: Create Dendrograms and Tree Diagrams Using 'ggplot2'},
  author = {Andrie {de Vries} and Brian D. Ripley},
  year = {2016},
  note = {R package version 0.1-20},
  url = {https://CRAN.R-project.org/package=ggdendro},
}
@Manual{R-ggeffects,
  title = {ggeffects: Create Tidy Data Frames of Marginal Effects for 'ggplot' from
Model Outputs},
  author = {Daniel Lüdecke},
  year = {2018},
  note = {R package version 0.4.0},
  url = {https://CRAN.R-project.org/package=ggeffects},
}
@Manual{R-ggExtra,
  title = {ggExtra: Add Marginal Histograms to 'ggplot2', and More 'ggplot2'
Enhancements},
  author = {Dean Attali and Christopher Baker},
  year = {2018},
  note = {R package version 0.8},
  url = {https://CRAN.R-project.org/package=ggExtra},
}
@Manual{R-ggforce,
  title = {ggforce: Accelerating 'ggplot2'},
  author = {Thomas Lin Pedersen},
  year = {2018},
  note = {R package version 0.1.2},
  url = {https://CRAN.R-project.org/package=ggforce},
}
@Manual{R-ggformula,
  title = {ggformula: Formula Interface to the Grammar of Graphics},
  author = {Daniel Kaplan and Randall Pruim},
  year = {2018},
  note = {R package version 0.8.0},
  url = {https://CRAN.R-project.org/package=ggformula},
}
@Manual{R-ggjoy,
  title = {ggjoy: Joyplots in 'ggplot2'},
  author = {Claus O. Wilke},
  year = {2018},
  note = {R package version 0.4.1},
  url = {https://CRAN.R-project.org/package=ggjoy},
}
@Manual{R-ggpirate,
  title = {ggpirate: Pirate plotting for ggplot2},
  author = {Mika Braginsky},
  note = {R package version 0.1.0},
  url = {https://github.com/mikabr/ggpirate},
  year = {2018},
}
@Manual{R-ggplot2,
  title = {ggplot2: Create Elegant Data Visualisations Using the Grammar of Graphics},
  author = {Hadley Wickham and Winston Chang and Lionel Henry and Thomas Lin Pedersen and Kohske Takahashi and Claus Wilke and Kara Woo},
  year = {2018},
  note = {R package version 3.0.0},
  url = {https://CRAN.R-project.org/package=ggplot2},
}
@Manual{R-ggpubr,
  title = {ggpubr: 'ggplot2' Based Publication Ready Plots},
  author = {Alboukadel Kassambara},
  year = {2018},
  note = {R package version 0.1.7},
  url = {https://CRAN.R-project.org/package=ggpubr},
}
@Manual{R-ggrepel,
  title = {ggrepel: Automatically Position Non-Overlapping Text Labels with
'ggplot2'},
  author = {Kamil Slowikowski},
  year = {2018},
  note = {R package version 0.8.0},
  url = {https://CRAN.R-project.org/package=ggrepel},
}
@Manual{R-ggridges,
  title = {ggridges: Ridgeline Plots in 'ggplot2'},
  author = {Claus O. Wilke},
  year = {2018},
  note = {R package version 0.5.0},
  url = {https://CRAN.R-project.org/package=ggridges},
}
@Manual{R-ggsci,
  title = {ggsci: Scientific Journal and Sci-Fi Themed Color Palettes for
'ggplot2'},
  author = {Nan Xiao},
  year = {2018},
  note = {R package version 2.9},
  url = {https://CRAN.R-project.org/package=ggsci},
}
@Manual{R-ggsignif,
  title = {ggsignif: Significance Brackets for 'ggplot2'},
  author = {Constantin Ahlmann-Eltze},
  year = {2017},
  note = {R package version 0.4.0},
  url = {https://CRAN.R-project.org/package=ggsignif},
}
@Manual{R-ggstance,
  title = {ggstance: Horizontal 'ggplot2' Components},
  author = {Lionel Henry and Hadley Wickham and Winston Chang},
  year = {2016},
  note = {R package version 0.3},
  url = {https://CRAN.R-project.org/package=ggstance},
}
@Manual{R-ggthemes,
  title = {ggthemes: Extra Themes, Scales and Geoms for 'ggplot2'},
  author = {Jeffrey B. Arnold},
  year = {2018},
  note = {R package version 3.5.0},
  url = {https://CRAN.R-project.org/package=ggthemes},
}
@Manual{R-ggthemr,
  title = {ggthemr: Themes for ggplot2},
  author = {Ciaran Tobin},
  note = {R package version 1.1.0},
  year = {2018},
}
@Manual{R-ghdown,
  title = {ghdown: Create a `Github` Themed HTML Document from `RMarkdown`},
  author = {Tristan Mahr},
  note = {R package version 0.0.0.9000},
  year = {2018},
}
@Manual{R-git2r,
  title = {git2r: Provides Access to Git Repositories},
  author = {See AUTHORS file.},
  year = {2018},
  note = {R package version 0.21.0},
  url = {https://CRAN.R-project.org/package=git2r},
}
@Manual{R-glmmTMB,
  title = {glmmTMB: Generalized Linear Mixed Models using Template Model Builder},
  author = {Arni Magnusson and Hans Skaug and Anders Nielsen and Casper Berg and Kasper Kristensen and Martin Maechler and Koen {van Bentham} and Ben Bolker and Mollie Brooks},
  year = {2018},
  note = {R package version 0.2.2.0},
  url = {https://CRAN.R-project.org/package=glmmTMB},
}
@Manual{R-globals,
  title = {globals: Identify Global Objects in R Expressions},
  author = {Henrik Bengtsson},
  year = {2018},
  note = {R package version 0.12.1},
  url = {https://CRAN.R-project.org/package=globals},
}
@Manual{R-glue,
  title = {glue: Interpreted String Literals},
  author = {Jim Hester},
  year = {2017},
  note = {R package version 1.2.0},
  url = {https://CRAN.R-project.org/package=glue},
}
@Manual{R-gmailr,
  title = {gmailr: Access the Gmail RESTful API},
  author = {Jim Hester},
  year = {2016},
  note = {R package version 0.7.1},
  url = {https://CRAN.R-project.org/package=gmailr},
}
@Manual{R-gmm,
  title = {gmm: Generalized Method of Moments and Generalized Empirical
Likelihood},
  author = {Pierre Chausse},
  year = {2018},
  note = {R package version 1.6-2},
  url = {https://CRAN.R-project.org/package=gmm},
}
@Manual{R-gmodels,
  title = {gmodels: Various R Programming Tools for Model Fitting},
  author = {Gregory R. Warnes andBen Bolker and Thomas Lumley and Randall C Johnson and Randall C. Johnson},
  year = {2018},
  note = {R package version 2.18.1},
  url = {https://CRAN.R-project.org/package=gmodels},
}
@Manual{R-gower,
  title = {gower: Gower's Distance},
  author = {Mark {van der Loo}},
  year = {2017},
  note = {R package version 0.1.2},
  url = {https://CRAN.R-project.org/package=gower},
}
@Manual{R-gplots,
  title = {gplots: Various R Programming Tools for Plotting Data},
  author = {Gregory R. Warnes and Ben Bolker and Lodewijk Bonebakker and Robert Gentleman and Wolfgang Huber Andy Liaw and Thomas Lumley and Martin Maechler and Arni Magnusson and Steffen Moeller and Marc Schwartz and Bill Venables},
  year = {2016},
  note = {R package version 3.0.1},
  url = {https://CRAN.R-project.org/package=gplots},
}
@Manual{R-gridExtra,
  title = {gridExtra: Miscellaneous Functions for "Grid" Graphics},
  author = {Baptiste Auguie},
  year = {2017},
  note = {R package version 2.3},
  url = {https://CRAN.R-project.org/package=gridExtra},
}
@Manual{R-gsl,
  title = {gsl: Wrapper for the Gnu Scientific Library},
  author = {Robin K. S. Hankin; qrng functions by Duncan Murdoch and multimin by Andrew Clausen},
  year = {2017},
  note = {R package version 1.9-10.3},
  url = {https://CRAN.R-project.org/package=gsl},
}
@Manual{R-gtable,
  title = {gtable: Arrange 'Grobs' in Tables},
  author = {Hadley Wickham},
  year = {2016},
  note = {R package version 0.2.0},
  url = {https://CRAN.R-project.org/package=gtable},
}
@Manual{R-gtools,
  title = {gtools: Various R Programming Tools},
  author = {Gregory R. Warnes and Ben Bolker and Thomas Lumley},
  year = {2018},
  note = {R package version 3.8.1},
  url = {https://CRAN.R-project.org/package=gtools},
}
@Manual{R-haven,
  title = {haven: Import and Export 'SPSS', 'Stata' and 'SAS' Files},
  author = {Hadley Wickham and Evan Miller},
  year = {2018},
  note = {R package version 1.1.2},
  url = {https://CRAN.R-project.org/package=haven},
}
@Manual{R-HDInterval,
  title = {HDInterval: Highest (Posterior) Density Intervals},
  author = {Mike Meredith and John Kruschke},
  year = {2018},
  note = {R package version 0.2.0},
  url = {https://CRAN.R-project.org/package=HDInterval},
}
@Manual{R-here,
  title = {here: A Simpler Way to Find Your Files},
  author = {Kirill Müller},
  year = {2017},
  note = {R package version 0.1},
  url = {https://CRAN.R-project.org/package=here},
}
@Manual{R-hexbin,
  title = {hexbin: Hexagonal Binning Routines},
  author = {Dan Carr and Nicholas Lewin-Koh and Martin Maechler},
  year = {2018},
  note = {R package version 1.27.2},
  url = {https://CRAN.R-project.org/package=hexbin},
}
@Manual{R-highr,
  title = {highr: Syntax Highlighting for R Source Code},
  author = {Yixuan Qiu and Yihui Xie},
  year = {2018},
  note = {R package version 0.7},
  url = {https://CRAN.R-project.org/package=highr},
}
@Manual{R-Hmisc,
  title = {Hmisc: Harrell Miscellaneous},
  author = {Harrell, Jr., Frank E},
  year = {2018},
  note = {R package version 4.1-1},
  url = {https://CRAN.R-project.org/package=Hmisc},
}
@Manual{R-hms,
  title = {hms: Pretty Time of Day},
  author = {Kirill Müller},
  year = {2018},
  note = {R package version 0.4.2},
  url = {https://CRAN.R-project.org/package=hms},
}
@Manual{R-hoardr,
  title = {hoardr: Manage Cached Files},
  author = {Scott Chamberlain},
  year = {2017},
  note = {R package version 0.2.0},
  url = {https://CRAN.R-project.org/package=hoardr},
}
@Manual{R-hrbrthemes,
  title = {hrbrthemes: Additional Themes, Theme Components and Utilities for 'ggplot2'},
  author = {Bob Rudis},
  year = {2018},
  note = {R package version 0.5.0},
  url = {https://CRAN.R-project.org/package=hrbrthemes},
}
@Manual{R-HSAUR2,
  title = {HSAUR2: A Handbook of Statistical Analyses Using R (2nd Edition)},
  author = {Brian S. Everitt and Torsten Hothorn},
  year = {2017},
  note = {R package version 1.1-17},
  url = {https://CRAN.R-project.org/package=HSAUR2},
}
@Manual{R-htmlTable,
  title = {htmlTable: Advanced Tables for Markdown/HTML},
  author = {Max Gordon and Stephen Gragg and Peter Konings},
  year = {2018},
  note = {R package version 1.12},
  url = {https://CRAN.R-project.org/package=htmlTable},
}
@Manual{R-htmltools,
  title = {htmltools: Tools for HTML},
  author = {{RStudio} and {Inc.}},
  year = {2017},
  note = {R package version 0.3.6},
  url = {https://CRAN.R-project.org/package=htmltools},
}
@Manual{R-htmlwidgets,
  title = {htmlwidgets: HTML Widgets for R},
  author = {Ramnath Vaidyanathan and Yihui Xie and JJ Allaire and Joe Cheng and Kenton Russell},
  year = {2018},
  note = {R package version 1.2},
  url = {https://CRAN.R-project.org/package=htmlwidgets},
}
@Manual{R-httpcode,
  title = {httpcode: 'HTTP' Status Code Helper},
  author = {Scott Chamberlain},
  year = {2016},
  note = {R package version 0.2.0},
  url = {https://CRAN.R-project.org/package=httpcode},
}
@Manual{R-httpuv,
  title = {httpuv: HTTP and WebSocket Server Library},
  author = {Joe Cheng and Hector Corrada Bravo and Jeroen Ooms and Winston Chang},
  year = {2018},
  note = {R package version 1.4.4.2},
  url = {https://CRAN.R-project.org/package=httpuv},
}
@Manual{R-httr,
  title = {httr: Tools for Working with URLs and HTTP},
  author = {Hadley Wickham},
  year = {2017},
  note = {R package version 1.3.1},
  url = {https://CRAN.R-project.org/package=httr},
}
@Manual{R-hunspell,
  title = {hunspell: High-Performance Stemmer, Tokenizer, and Spell Checker},
  author = {Jeroen Ooms},
  year = {2017},
  note = {R package version 2.9},
  url = {https://CRAN.R-project.org/package=hunspell},
}
@Manual{R-hypergeo,
  title = {hypergeo: The Gauss Hypergeometric Function},
  author = {Robin K. S. Hankin},
  year = {2016},
  note = {R package version 1.2-13},
  url = {https://CRAN.R-project.org/package=hypergeo},
}
@Manual{R-ICCbin,
  title = {ICCbin: Facilitates Clustered Binary Data Generation, and Estimation of
Intracluster Correlation Coefficient (ICC) for Binary Data},
  author = {Akhtar Hossain and Hrishikesh Chakraborty},
  year = {2017},
  note = {R package version 1.1.1},
  url = {https://CRAN.R-project.org/package=ICCbin},
}
@Manual{R-igraph,
  title = {igraph: Network Analysis and Visualization},
  author = {See AUTHORS file.},
  year = {2018},
  note = {R package version 1.2.1},
  url = {https://CRAN.R-project.org/package=igraph},
}
@Manual{R-imputeTS,
  title = {imputeTS: Time Series Missing Value Imputation},
  author = {Steffen Moritz},
  year = {2018},
  note = {R package version 2.7},
  url = {https://CRAN.R-project.org/package=imputeTS},
}
@Manual{R-influence.ME,
  title = {influence.ME: Tools for Detecting Influential Data in Mixed Effects Models},
  author = {Rense Nieuwenhuis and Ben Pelzer and Manfred te Grotenhuis},
  year = {2017},
  note = {R package version 0.9-9},
  url = {https://CRAN.R-project.org/package=influence.ME},
}
@Manual{R-influenceR,
  title = {influenceR: Software Tools to Quantify Structural Importance of Nodes in a
Network},
  author = {Jacobs Simon and Khanna Aditya},
  year = {2015},
  note = {R package version 0.1.0},
  url = {https://CRAN.R-project.org/package=influenceR},
}
@Manual{R-inline,
  title = {inline: Functions to Inline C, C++, Fortran Function Calls from R},
  author = {Oleg Sklyar and Duncan Murdoch and Mike Smith and Dirk Eddelbuettel and Romain Francois and Karline Soetaert},
  year = {2018},
  note = {R package version 0.3.15},
  url = {https://CRAN.R-project.org/package=inline},
}
@Manual{R-ipred,
  title = {ipred: Improved Predictors},
  author = {Andrea Peters and Torsten Hothorn},
  year = {2017},
  note = {R package version 0.9-6},
  url = {https://CRAN.R-project.org/package=ipred},
}
@Manual{R-irlba,
  title = {irlba: Fast Truncated Singular Value Decomposition and Principal
Components Analysis for Large Dense and Sparse Matrices},
  author = {Jim Baglama and Lothar Reichel and B. W. Lewis},
  year = {2018},
  note = {R package version 2.3.2},
  url = {https://CRAN.R-project.org/package=irlba},
}
@Manual{R-Iso,
  title = {Iso: Functions to Perform Isotonic Regression},
  author = {Rolf Turner},
  year = {2015},
  note = {R package version 0.0-17},
  url = {https://CRAN.R-project.org/package=Iso},
}
@Manual{R-ISOcodes,
  title = {ISOcodes: Selected ISO Codes},
  author = {Christian Buchta and Kurt Hornik},
  year = {2018},
  note = {R package version 2018.06.29},
  url = {https://CRAN.R-project.org/package=ISOcodes},
}
@Manual{R-iterators,
  title = {iterators: Provides Iterator Construct for R},
  author = {Revolution Analytics and Steve Weston},
  year = {2017},
  note = {R package version 1.0.9},
  url = {https://CRAN.R-project.org/package=iterators},
}
@Manual{R-janeaustenr,
  title = {janeaustenr: Jane Austen's Complete Novels},
  author = {Julia Silge},
  year = {2017},
  note = {R package version 0.1.5},
  url = {https://CRAN.R-project.org/package=janeaustenr},
}
@Manual{R-jomo,
  title = {jomo: Multilevel Joint Modelling Multiple Imputation},
  author = {Matteo Quartagno and James Carpenter},
  year = {2018},
  note = {R package version 2.6-2},
  url = {https://CRAN.R-project.org/package=jomo},
}
@Manual{R-jsonlite,
  title = {jsonlite: A Robust, High Performance JSON Parser and Generator for R},
  author = {Jeroen Ooms and Duncan {Temple Lang} and Lloyd Hilaiel},
  year = {2017},
  note = {R package version 1.5},
  url = {https://CRAN.R-project.org/package=jsonlite},
}
@Manual{R-kableExtra,
  title = {kableExtra: Construct Complex Table with 'kable' and Pipe Syntax},
  author = {Hao Zhu},
  year = {2018},
  note = {R package version 0.9.0},
  url = {https://CRAN.R-project.org/package=kableExtra},
}
@Manual{R-kernlab,
  title = {kernlab: Kernel-Based Machine Learning Lab},
  author = {Alexandros Karatzoglou and Alex Smola and Kurt Hornik},
  year = {2018},
  note = {R package version 0.9-26},
  url = {https://CRAN.R-project.org/package=kernlab},
}
@Manual{R-KernSmooth,
  title = {KernSmooth: Functions for Kernel Smoothing Supporting Wand \& Jones (1995)},
  author = {Matt Wand},
  year = {2015},
  note = {R package version 2.23-15},
  url = {https://CRAN.R-project.org/package=KernSmooth},
}
@Manual{R-kfigr,
  title = {kfigr: Integrated Code Chunk Anchoring and Referencing for R Markdown
Documents},
  author = {Michael C Koohafkan},
  year = {2015},
  note = {R package version 1.2},
  url = {https://CRAN.R-project.org/package=kfigr},
}
@Manual{R-knitr,
  title = {knitr: A General-Purpose Package for Dynamic Report Generation in R},
  author = {Yihui Xie},
  year = {2018},
  note = {R package version 1.20},
  url = {https://CRAN.R-project.org/package=knitr},
}
@Manual{R-koRpus,
  title = {koRpus: An R Package for Text Analysis},
  author = {m.eik michalke},
  year = {2017},
  note = {R package version 0.10-2},
  url = {https://CRAN.R-project.org/package=koRpus},
}
@Manual{R-ks,
  title = {ks: Kernel Smoothing},
  author = {Tarn Duong},
  year = {2018},
  note = {R package version 1.11.2},
  url = {https://CRAN.R-project.org/package=ks},
}
@Manual{R-labeling,
  title = {labeling: Axis Labeling},
  author = {Justin Talbot},
  year = {2014},
  note = {R package version 0.3},
  url = {https://CRAN.R-project.org/package=labeling},
}
@Manual{R-languageR,
  title = {languageR: Data sets and functions with "Analyzing Linguistic Data: A
practical introduction to statistics".},
  author = {R. H. Baayen},
  year = {2013},
  note = {R package version 1.4.1},
  url = {https://CRAN.R-project.org/package=languageR},
}
@Manual{R-LaplacesDemon,
  title = {LaplacesDemon: Complete Environment for Bayesian Inference},
  author = {Byron Hall and Martina Hall and {Statisticat, LLC}},
  year = {2018},
  note = {R package version 16.1.1},
  url = {https://CRAN.R-project.org/package=LaplacesDemon},
}
@Manual{R-later,
  title = {later: Utilities for Delaying Function Execution},
  author = {Joe Cheng},
  year = {2018},
  note = {R package version 0.7.3},
  url = {https://CRAN.R-project.org/package=later},
}
@Manual{R-latex2exp,
  title = {latex2exp: Use LaTeX Expressions in Plots},
  author = {Stefano Meschiari},
  year = {2015},
  note = {R package version 0.4.0},
  url = {https://CRAN.R-project.org/package=latex2exp},
}
@Manual{R-lattice,
  title = {lattice: Trellis Graphics for R},
  author = {Deepayan Sarkar},
  year = {2017},
  note = {R package version 0.20-35},
  url = {https://CRAN.R-project.org/package=lattice},
}
@Manual{R-latticeExtra,
  title = {latticeExtra: Extra Graphical Utilities Based on Lattice},
  author = {Deepayan Sarkar and Felix Andrews},
  year = {2016},
  note = {R package version 0.6-28},
  url = {https://CRAN.R-project.org/package=latticeExtra},
}
@Manual{R-lava,
  title = {lava: Latent Variable Models},
  author = {Klaus K. Holst},
  year = {2018},
  note = {R package version 1.6.2},
  url = {https://CRAN.R-project.org/package=lava},
}
@Manual{R-lavaan,
  title = {lavaan: Latent Variable Analysis},
  author = {Yves Rosseel},
  year = {2018},
  note = {R package version 0.6-1},
  url = {https://CRAN.R-project.org/package=lavaan},
}
@Manual{R-lazyeval,
  title = {lazyeval: Lazy (Non-Standard) Evaluation},
  author = {Hadley Wickham},
  year = {2017},
  note = {R package version 0.2.1},
  url = {https://CRAN.R-project.org/package=lazyeval},
}
@Manual{R-LearnBayes,
  title = {LearnBayes: Functions for Learning Bayesian Inference},
  author = {Jim Albert},
  year = {2018},
  note = {R package version 2.15.1},
  url = {https://CRAN.R-project.org/package=LearnBayes},
}
@Manual{R-learnr,
  title = {learnr: Interactive Tutorials for R},
  author = {Barret Schloerke and JJ Allaire and Barbara Borges},
  year = {2018},
  note = {R package version 0.9.2.1},
  url = {https://CRAN.R-project.org/package=learnr},
}
@Manual{R-lintr,
  title = {lintr: A 'Linter' for R Code},
  author = {Jim Hester},
  year = {2017},
  note = {R package version 1.0.2},
  url = {https://CRAN.R-project.org/package=lintr},
}
@Manual{R-LIPmisc,
  title = {LIPmisc: LIP-PC2S miscellaneous functions (LIPmisc)},
  author = {Who wrote it},
  note = {R package version 0.1.0},
  year = {2018},
}
@Manual{R-listenv,
  title = {listenv: Environments Behaving (Almost) as Lists},
  author = {Henrik Bengtsson},
  year = {2018},
  note = {R package version 0.7.0},
  url = {https://CRAN.R-project.org/package=listenv},
}
@Manual{R-lme4,
  title = {lme4: Linear Mixed-Effects Models using 'Eigen' and S4},
  author = {Douglas Bates and Martin Maechler and Ben Bolker and Steven Walker},
  year = {2018},
  note = {R package version 1.1-17},
  url = {https://CRAN.R-project.org/package=lme4},
}
@Manual{R-lmerTest,
  title = {lmerTest: Tests in Linear Mixed Effects Models},
  author = {Alexandra Kuznetsova and Per {Bruun Brockhoff} and Rune {Haubo Bojesen Christensen}},
  year = {2018},
  note = {R package version 3.0-1},
  url = {https://CRAN.R-project.org/package=lmerTest},
}
@Manual{R-lmisc,
  title = {lmisc: lnalborcyk miscellaneous},
  author = {Ladislas Nalborczyk},
  year = {2018},
  note = {R package version 0.0.1},
  url = {https://github.com/lnalborczyk/lmisc},
}
@Manual{R-lmtest,
  title = {lmtest: Testing Linear Regression Models},
  author = {Torsten Hothorn and Achim Zeileis and Richard W. Farebrother and Clint Cummins},
  year = {2018},
  note = {R package version 0.9-36},
  url = {https://CRAN.R-project.org/package=lmtest},
}
@Manual{R-LNmisc,
  title = {LNmisc: lnalborcyk miscellaneous},
  author = {Ladislas Nalborczyk},
  year = {2018},
  note = {R package version 0.0.1},
  url = {https://github.com/lnalborczyk/LNmisc},
}
@Manual{R-loo,
  title = {loo: Efficient Leave-One-Out Cross-Validation and WAIC for Bayesian
Models},
  author = {Aki Vehtari and Andrew Gelman and Jonah Gabry and Yuling Yao},
  year = {2018},
  note = {R package version 2.0.0},
  url = {https://CRAN.R-project.org/package=loo},
}
@Manual{R-lsmeans,
  title = {lsmeans: Least-Squares Means},
  author = {Russell Lenth},
  year = {2018},
  note = {R package version 2.27-62},
  url = {https://CRAN.R-project.org/package=lsmeans},
}
@Manual{R-lubridate,
  title = {lubridate: Make Dealing with Dates a Little Easier},
  author = {Vitalie Spinu and Garrett Grolemund and Hadley Wickham},
  year = {2018},
  note = {R package version 1.7.4},
  url = {https://CRAN.R-project.org/package=lubridate},
}
@Manual{R-magic,
  title = {magic: Create and Investigate Magic Squares},
  author = {Robin K. S. Hankin},
  year = {2018},
  note = {R package version 1.5-8},
  url = {https://CRAN.R-project.org/package=magic},
}
@Manual{R-magick,
  title = {magick: Advanced Graphics and Image-Processing in R},
  author = {Jeroen Ooms},
  year = {2018},
  note = {R package version 1.9},
  url = {https://CRAN.R-project.org/package=magick},
}
@Manual{R-magrittr,
  title = {magrittr: A Forward-Pipe Operator for R},
  author = {Stefan Milton Bache and Hadley Wickham},
  year = {2014},
  note = {R package version 1.5},
  url = {https://CRAN.R-project.org/package=magrittr},
}
@Manual{R-manipulateWidget,
  title = {manipulateWidget: Add Even More Interactivity to Interactive Charts},
  author = {Jalal-Edine ZAWAM and Francois Guillem},
  year = {2018},
  note = {R package version 0.10.0},
  url = {https://CRAN.R-project.org/package=manipulateWidget},
}
@Manual{R-MANOVA.RM,
  title = {MANOVA.RM: Analysis of Multivariate Data and Repeated Measures Designs},
  author = {Sarah Friedrich and Frank Konietschke and Markus Pauly},
  year = {2017},
  note = {R package version 0.2.1},
  url = {https://CRAN.R-project.org/package=MANOVA.RM},
}
@Manual{R-maptools,
  title = {maptools: Tools for Reading and Handling Spatial Objects},
  author = {Roger Bivand and Nicholas Lewin-Koh},
  year = {2017},
  note = {R package version 0.9-2},
  url = {https://CRAN.R-project.org/package=maptools},
}
@Manual{R-markdown,
  title = {markdown: 'Markdown' Rendering for R},
  author = {JJ Allaire and Jeffrey Horner and Vicent Marti and Natacha Porte},
  year = {2017},
  note = {R package version 0.8},
  url = {https://CRAN.R-project.org/package=markdown},
}
@Manual{R-maskr,
  title = {maskr: maskr},
  author = {Cedric Batailler and Ladislas Nalborczyk},
  year = {2017},
  note = {R package version 0.0.1},
  url = {http://cedricbatailler/maskr},
}
@Manual{R-MASS,
  title = {MASS: Support Functions and Datasets for Venables and Ripley's MASS},
  author = {Brian Ripley},
  year = {2018},
  note = {R package version 7.3-50},
  url = {https://CRAN.R-project.org/package=MASS},
}
@Manual{R-Matrix,
  title = {Matrix: Sparse and Dense Matrix Classes and Methods},
  author = {Douglas Bates and Martin Maechler},
  year = {2018},
  note = {R package version 1.2-14},
  url = {https://CRAN.R-project.org/package=Matrix},
}
@Manual{R-matrixcalc,
  title = {matrixcalc: Collection of functions for matrix calculations},
  author = {Frederick Novomestky},
  year = {2012},
  note = {R package version 1.0-3},
  url = {https://CRAN.R-project.org/package=matrixcalc},
}
@Manual{R-MatrixModels,
  title = {MatrixModels: Modelling with Sparse And Dense Matrices},
  author = {Douglas Bates and Martin Maechler},
  year = {2015},
  note = {R package version 0.4-1},
  url = {https://CRAN.R-project.org/package=MatrixModels},
}
@Manual{R-matrixStats,
  title = {matrixStats: Functions that Apply to Rows and Columns of Matrices (and to
Vectors)},
  author = {Henrik Bengtsson},
  year = {2018},
  note = {R package version 0.53.1},
  url = {https://CRAN.R-project.org/package=matrixStats},
}
@Manual{R-MBESS,
  title = {MBESS: The MBESS R Package},
  author = {Ken Kelley},
  year = {2018},
  note = {R package version 4.4.3},
  url = {https://CRAN.R-project.org/package=MBESS},
}
@Manual{R-mclust,
  title = {mclust: Gaussian Mixture Modelling for Model-Based Clustering,
Classification, and Density Estimation},
  author = {Chris Fraley and Adrian E. Raftery and Luca Scrucca},
  year = {2018},
  note = {R package version 5.4.1},
  url = {https://CRAN.R-project.org/package=mclust},
}
@Manual{R-mcmc,
  title = {mcmc: Markov Chain Monte Carlo},
  author = {Charles J. Geyer and Leif T. Johnson},
  year = {2017},
  note = {R package version 0.9-5},
  url = {https://CRAN.R-project.org/package=mcmc},
}
@Manual{R-MCMCglmm,
  title = {MCMCglmm: MCMC Generalised Linear Mixed Models},
  author = {Jarrod Hadfield},
  year = {2018},
  note = {R package version 2.26},
  url = {https://CRAN.R-project.org/package=MCMCglmm},
}
@Manual{R-MCMCpack,
  title = {MCMCpack: Markov Chain Monte Carlo (MCMC) Package},
  author = {Andrew D. Martin and Kevin M. Quinn and Jong Hee Park and Ghislain Vieilledent and Michael Malecki and Matthew Blackwell and Keith Poole and Craig Reed and Ben Goodrich and Ross Ihaka and The R Development Core Team and The R Foundation and Pierre L'Ecuyer and Makoto Matsumoto and Takuji Nishimura},
  year = {2018},
  note = {R package version 1.4-3},
  url = {https://CRAN.R-project.org/package=MCMCpack},
}
@Manual{R-memoise,
  title = {memoise: Memoisation of Functions},
  author = {Hadley Wickham and Jim Hester and Kirill Müller and Daniel Cook},
  year = {2017},
  note = {R package version 1.1.0},
  url = {https://CRAN.R-project.org/package=memoise},
}
@Manual{R-MEMSS,
  title = {MEMSS: Data sets from Mixed-effects Models in S},
  author = {Douglas Bates and Martin Maechler and Ben Bolker},
  year = {2014},
  note = {R package version 0.9-2},
  url = {https://CRAN.R-project.org/package=MEMSS},
}
@Manual{R-merTools,
  title = {merTools: Tools for Analyzing Mixed Effect Regression Models},
  author = {Jared E. Knowles and Carl Frederick},
  year = {2018},
  note = {R package version 0.4.1},
  url = {https://CRAN.R-project.org/package=merTools},
}
@Manual{R-metafor,
  title = {metafor: Meta-Analysis Package for R},
  author = {Wolfgang Viechtbauer},
  year = {2017},
  note = {R package version 2.0-0},
  url = {https://CRAN.R-project.org/package=metafor},
}
@Manual{R-mgcv,
  title = {mgcv: Mixed GAM Computation Vehicle with Automatic Smoothness
Estimation},
  author = {Simon Wood},
  year = {2018},
  note = {R package version 1.8-24},
  url = {https://CRAN.R-project.org/package=mgcv},
}
@Manual{R-mi,
  title = {mi: Missing Data Imputation and Model Checking},
  author = {Yu-Sung Su and Ben Goodrich and Jon Kropko},
  year = {2015},
  note = {R package version 1.0},
  url = {https://CRAN.R-project.org/package=mi},
}
@Manual{R-mice,
  title = {mice: Multivariate Imputation by Chained Equations},
  author = {Stef {van Buuren} and Karin Groothuis-Oudshoorn},
  year = {2018},
  note = {R package version 3.1.0},
  url = {https://CRAN.R-project.org/package=mice},
}
@Manual{R-microbenchmark,
  title = {microbenchmark: Accurate Timing Functions},
  author = {Olaf Mersmann},
  year = {2018},
  note = {R package version 1.4-4},
  url = {https://CRAN.R-project.org/package=microbenchmark},
}
@Manual{R-microdemic,
  title = {microdemic: 'Microsoft Academic' API Client},
  author = {Scott Chamberlain},
  year = {2018},
  note = {R package version 0.3.0},
  url = {https://CRAN.R-project.org/package=microdemic},
}
@Manual{R-mime,
  title = {mime: Map Filenames to MIME Types},
  author = {Yihui Xie},
  year = {2016},
  note = {R package version 0.5},
  url = {https://CRAN.R-project.org/package=mime},
}
@Manual{R-miniUI,
  title = {miniUI: Shiny UI Widgets for Small Screens},
  author = {Joe Cheng},
  year = {2018},
  note = {R package version 0.1.1.1},
  url = {https://CRAN.R-project.org/package=miniUI},
}
@Manual{R-minqa,
  title = {minqa: Derivative-free optimization algorithms by quadratic
approximation},
  author = {Douglas Bates and Katharine M. Mullen and John C. Nash and Ravi Varadhan},
  year = {2014},
  note = {R package version 1.2.4},
  url = {https://CRAN.R-project.org/package=minqa},
}
@Manual{R-misc3d,
  title = {misc3d: Miscellaneous 3D Plots},
  author = {Dai Feng and Luke Tierney},
  year = {2013},
  note = {R package version 0.8-4},
  url = {https://CRAN.R-project.org/package=misc3d},
}
@Manual{R-mitml,
  title = {mitml: Tools for Multiple Imputation in Multilevel Modeling},
  author = {Simon Grund and Alexander Robitzsch and Oliver Luedtke},
  year = {2017},
  note = {R package version 0.3-5},
  url = {https://CRAN.R-project.org/package=mitml},
}
@Manual{R-mlmRev,
  title = {mlmRev: Examples from Multilevel Modelling Software Review},
  author = {Douglas Bates and Martin Maechler and Ben Bolker},
  year = {2014},
  note = {R package version 1.0-6},
  url = {https://CRAN.R-project.org/package=mlmRev},
}
@Manual{R-mnormt,
  title = {mnormt: The Multivariate Normal and t Distributions},
  author = {Fortran code by Alan Genz and R code by Adelchi Azzalini},
  year = {2016},
  note = {R package version 1.5-5},
  url = {https://CRAN.R-project.org/package=mnormt},
}
@Manual{R-ModelMetrics,
  title = {ModelMetrics: Rapid Calculation of Model Metrics},
  author = {Tyler Hunt},
  year = {2016},
  note = {R package version 1.1.0},
  url = {https://CRAN.R-project.org/package=ModelMetrics},
}
@Manual{R-modelr,
  title = {modelr: Modelling Functions that Work with the Pipe},
  author = {Hadley Wickham},
  year = {2018},
  note = {R package version 0.1.2},
  url = {https://CRAN.R-project.org/package=modelr},
}
@Manual{R-modeltools,
  title = {modeltools: Tools and Classes for Statistical Models},
  author = {Torsten Hothorn and Friedrich Leisch and Achim Zeileis},
  year = {2013},
  note = {R package version 0.2-21},
  url = {https://CRAN.R-project.org/package=modeltools},
}
@Manual{R-mosaic,
  title = {mosaic: Project MOSAIC Statistics and Mathematics Teaching Utilities},
  author = {Randall Pruim and Daniel T. Kaplan and Nicholas J. Horton},
  year = {2018},
  note = {R package version 1.3.0},
  url = {https://CRAN.R-project.org/package=mosaic},
}
@Manual{R-mosaicCore,
  title = {mosaicCore: Common Utilities for Other MOSAIC-Family Packages},
  author = {Randall Pruim and Daniel T. Kaplan and Nicholas J. Horton},
  year = {2018},
  note = {R package version 0.6.0},
  url = {https://CRAN.R-project.org/package=mosaicCore},
}
@Manual{R-mosaicData,
  title = {mosaicData: Project MOSAIC Data Sets},
  author = {Randall Pruim and Daniel Kaplan and Nicholas Horton},
  year = {2018},
  note = {R package version 0.17.0},
  url = {https://CRAN.R-project.org/package=mosaicData},
}
@Manual{R-multcomp,
  title = {multcomp: Simultaneous Inference in General Parametric Models},
  author = {Torsten Hothorn and Frank Bretz and Peter Westfall},
  year = {2017},
  note = {R package version 1.4-8},
  url = {https://CRAN.R-project.org/package=multcomp},
}
@Manual{R-multicool,
  title = {multicool: Permutations of Multisets in Cool-Lex Order},
  author = {James Curran and Aaron Williams and Jerome Kelleher and Dave Barber},
  year = {2016},
  note = {R package version 0.1-10},
  url = {https://CRAN.R-project.org/package=multicool},
}
@Manual{R-MuMIn,
  title = {MuMIn: Multi-Model Inference},
  author = {Kamil Bartoń},
  year = {2018},
  note = {R package version 1.40.4},
  url = {https://CRAN.R-project.org/package=MuMIn},
}
@Manual{R-munsell,
  title = {munsell: Utilities for Using Munsell Colours},
  author = {Charlotte Wickham},
  year = {2018},
  note = {R package version 0.5.0},
  url = {https://CRAN.R-project.org/package=munsell},
}
@Manual{R-mvtnorm,
  title = {mvtnorm: Multivariate Normal and t Distributions},
  author = {Alan Genz and Frank Bretz and Tetsuhisa Miwa and Xuefei Mi and Torsten Hothorn},
  year = {2018},
  note = {R package version 1.0-8},
  url = {https://CRAN.R-project.org/package=mvtnorm},
}
@Manual{R-nanotime,
  title = {nanotime: Nanosecond-Resolution Time for R},
  author = {Dirk Eddelbuettel and Leonardo Silvestri},
  year = {2018},
  note = {R package version 0.2.1},
  url = {https://CRAN.R-project.org/package=nanotime},
}
@Manual{R-NHANES,
  title = {NHANES: Data from the US National Health and Nutrition Examination Study},
  author = {Randall Pruim},
  year = {2015},
  note = {R package version 2.1.0},
  url = {https://CRAN.R-project.org/package=NHANES},
}
@Manual{R-nleqslv,
  title = {nleqslv: Solve Systems of Nonlinear Equations},
  author = {Berend Hasselman},
  year = {2018},
  note = {R package version 3.3.2},
  url = {https://CRAN.R-project.org/package=nleqslv},
}
@Manual{R-nlme,
  title = {nlme: Linear and Nonlinear Mixed Effects Models},
  author = {José Pinheiro and Douglas Bates and {R-core}},
  year = {2018},
  note = {R package version 3.1-137},
  url = {https://CRAN.R-project.org/package=nlme},
}
@Manual{R-nloptr,
  title = {nloptr: R interface to NLopt},
  author = {Jelmer Ypma and with contributions by Hans W. Borchers and Dirk Eddelbuettel},
  year = {2017},
  note = {R package version 1.0.4},
  url = {https://CRAN.R-project.org/package=nloptr},
}
@Manual{R-nnet,
  title = {nnet: Feed-Forward Neural Networks and Multinomial Log-Linear Models},
  author = {Brian Ripley},
  year = {2016},
  note = {R package version 7.3-12},
  url = {https://CRAN.R-project.org/package=nnet},
}
@Manual{R-numDeriv,
  title = {numDeriv: Accurate Numerical Derivatives},
  author = {Paul Gilbert and Ravi Varadhan},
  year = {2016},
  note = {R package version 2016.8-1},
  url = {https://CRAN.R-project.org/package=numDeriv},
}
@Manual{R-OceanView,
  title = {OceanView: Visualisation of Oceanographic Data and Model Output},
  author = {Karline Soetaert},
  year = {2016},
  note = {R package version 1.0.4},
  url = {https://CRAN.R-project.org/package=OceanView},
}
@Manual{R-OpenMx,
  title = {OpenMx: Extended Structural Equation Modelling},
  author = {Steven M. Boker and Michael C. Neale and Hermine H. Maes and Michael Spiegel and Timothy R. Brick and Ryne Estabrook and Timothy C. Bates and Ross J. Gore and Michael D. Hunter and Joshua N. Pritikin and Mahsa Zahery and Robert M. Kirkpatrick},
  year = {2018},
  note = {R package version 2.9.6},
  url = {https://CRAN.R-project.org/package=OpenMx},
}
@Manual{R-openssl,
  title = {openssl: Toolkit for Encryption, Signatures and Certificates Based on
OpenSSL},
  author = {Jeroen Ooms},
  year = {2018},
  note = {R package version 1.0.1},
  url = {https://CRAN.R-project.org/package=openssl},
}
@Manual{R-openxlsx,
  title = {openxlsx: Read, Write and Edit XLSX Files},
  author = {Alexander Walker},
  year = {2018},
  note = {R package version 4.1.0},
  url = {https://CRAN.R-project.org/package=openxlsx},
}
@Manual{R-optextras,
  title = {optextras: Tools to Support Optimization Possibly with Bounds and Masks},
  author = {John C Nash},
  year = {2016},
  note = {R package version 2016-8.8},
  url = {https://CRAN.R-project.org/package=optextras},
}
@Manual{R-optimx,
  title = {optimx: A Replacement and Extension of the optim() Function},
  author = {John C Nash and Ravi Varadhan},
  year = {2014},
  note = {R package version 2013.8.7},
  url = {https://CRAN.R-project.org/package=optimx},
}
@Manual{R-packrat,
  title = {packrat: A Dependency Management System for Projects and their R Package
Dependencies},
  author = {Kevin Ushey and Jonathan McPherson and Joe Cheng and Aron Atkins and JJ Allaire},
  year = {2018},
  note = {R package version 0.4.9-3},
  url = {https://CRAN.R-project.org/package=packrat},
}
@Manual{R-pacman,
  title = {pacman: Package Management Tool},
  author = {Tyler Rinker and Dason Kurkiewicz},
  year = {2017},
  note = {R package version 0.4.6},
  url = {https://CRAN.R-project.org/package=pacman},
}
@Manual{R-pan,
  title = {pan: Multiple Imputation for Multivariate Panel or Clustered Data},
  author = {Original by Joseph L. Schafer},
  year = {2018},
  note = {R package version 1.6},
  url = {https://CRAN.R-project.org/package=pan},
}
@Manual{R-pander,
  title = {pander: An R 'Pandoc' Writer},
  author = {Gergely Daróczi and Roman Tsegelskyi},
  year = {2017},
  note = {R package version 0.6.1},
  url = {https://CRAN.R-project.org/package=pander},
}
@Manual{R-papaja,
  title = {papaja: Prepare reproducible APA journal articles with R Markdown},
  author = {Frederik Aust and Marius Barth},
  note = {R package version 0.1.0.9709},
  url = {https://github.com/crsh/papaja},
  year = {2018},
}
@Manual{R-paramtest,
  title = {paramtest: Run a Function Iteratively While Varying Parameters},
  author = {Jeffrey Hughes},
  year = {2017},
  note = {R package version 0.1.0},
  url = {https://CRAN.R-project.org/package=paramtest},
}
@Manual{R-patchwork,
  title = {patchwork: The Composer of ggplots},
  author = {Thomas Lin Pedersen},
  year = {2017},
  note = {R package version 0.0.1},
  url = {https://github.com/thomasp85/patchwork},
}
@Manual{R-pbapply,
  title = {pbapply: Adding Progress Bar to '*apply' Functions},
  author = {Peter Solymos and Zygmunt Zawadzki},
  year = {2018},
  note = {R package version 1.3-4},
  url = {https://CRAN.R-project.org/package=pbapply},
}
@Manual{R-pbivnorm,
  title = {pbivnorm: Vectorized Bivariate Normal CDF},
  author = {Alan Genz and Brenton Kenkel},
  year = {2015},
  note = {R package version 0.6.0},
  url = {https://CRAN.R-project.org/package=pbivnorm},
}
@Manual{R-pbkrtest,
  title = {pbkrtest: Parametric Bootstrap and Kenward Roger Based Methods for Mixed
Model Comparison},
  author = {Ulrich Halekoh Søren Højsgaard <sorenh@math.aau.dk>},
  year = {2017},
  note = {R package version 0.4-7},
  url = {https://CRAN.R-project.org/package=pbkrtest},
}
@Manual{R-pdftools,
  title = {pdftools: Text Extraction, Rendering and Converting of PDF Documents},
  author = {Jeroen Ooms},
  year = {2018},
  note = {R package version 1.8},
  url = {https://CRAN.R-project.org/package=pdftools},
}
@Manual{R-phonR,
  title = {phonR: Tools for Phoneticians and Phonologists},
  author = {Daniel R. McCloy},
  year = {2016},
  note = {R package version 1.0-7},
  url = {https://CRAN.R-project.org/package=phonR},
}
@Manual{R-pillar,
  title = {pillar: Coloured Formatting for Columns},
  author = {Kirill Müller and Hadley Wickham},
  year = {2018},
  note = {R package version 1.2.3},
  url = {https://CRAN.R-project.org/package=pillar},
}
@Manual{R-pkgconfig,
  title = {pkgconfig: Private Configuration for 'R' Packages},
  author = {Gábor Csárdi},
  year = {2017},
  note = {R package version 2.0.1},
  url = {https://CRAN.R-project.org/package=pkgconfig},
}
@Manual{R-pkgmaker,
  title = {pkgmaker: Development Utilities for R Packages},
  author = {Renaud Gaujoux},
  year = {2018},
  note = {R package version 0.27},
  url = {https://CRAN.R-project.org/package=pkgmaker},
}
@Manual{R-PKI,
  title = {PKI: Public Key Infrastucture for R Based on the X.509 Standard},
  author = {Simon Urbanek},
  year = {2017},
  note = {R package version 0.1-5.1},
  url = {https://CRAN.R-project.org/package=PKI},
}
@Manual{R-PKPDmodels,
  title = {PKPDmodels: Pharmacokinetic/pharmacodynamic models},
  author = {Anne Dubois and Julie Bertand and France Mentre and Douglas Bates},
  year = {2012},
  note = {R package version 0.3.2},
  url = {https://CRAN.R-project.org/package=PKPDmodels},
}
@Manual{R-plogr,
  title = {plogr: The 'plog' C++ Logging Library},
  author = {Kirill Müller},
  year = {2018},
  note = {R package version 0.2.0},
  url = {https://CRAN.R-project.org/package=plogr},
}
@Manual{R-plot3D,
  title = {plot3D: Plotting Multi-Dimensional Data},
  author = {Karline Soetaert},
  year = {2017},
  note = {R package version 1.1.1},
  url = {https://CRAN.R-project.org/package=plot3D},
}
@Manual{R-plot3Drgl,
  title = {plot3Drgl: Plotting Multi-Dimensional Data - Using 'rgl'},
  author = {Karline Soetaert},
  year = {2016},
  note = {R package version 1.0.1},
  url = {https://CRAN.R-project.org/package=plot3Drgl},
}
@Manual{R-plotly,
  title = {plotly: Create Interactive Web Graphics via 'plotly.js'},
  author = {Carson Sievert and Chris Parmer and Toby Hocking and Scott Chamberlain and Karthik Ram and Marianne Corvellec and Pedro Despouy},
  year = {2017},
  note = {R package version 4.7.1},
  url = {https://CRAN.R-project.org/package=plotly},
}
@Manual{R-plotrix,
  title = {plotrix: Various Plotting Functions},
  author = {Jim Lemon and Ben Bolker and Sander Oom and Eduardo Klein and Barry Rowlingson and Hadley Wickham and Anupam Tyagi and Olivier Eterradossi and Gabor Grothendieck and Michael Toews and John Kane and Rolf Turner and Carl Witthoft and Julian Stander and Thomas Petzoldt and Remko Duursma and Elisa Biancotto and Ofir Levy and Christophe Dutang and Peter Solymos and Robby Engelmann and Michael Hecker and Felix Steinbeck and Hans Borchers and Henrik Singmann and Ted Toal and Derek Ogle and Darshan Baral and Ulrike Groemping},
  year = {2018},
  note = {R package version 3.7-2},
  url = {https://CRAN.R-project.org/package=plotrix},
}
@Manual{R-pls,
  title = {pls: Partial Least Squares and Principal Component Regression},
  author = {Bjørn-Helge Mevik and Ron Wehrens and Kristian Hovde Liland},
  year = {2016},
  note = {R package version 2.6-0},
  url = {https://CRAN.R-project.org/package=pls},
}
@Manual{R-plyr,
  title = {plyr: Tools for Splitting, Applying and Combining Data},
  author = {Hadley Wickham},
  year = {2016},
  note = {R package version 1.8.4},
  url = {https://CRAN.R-project.org/package=plyr},
}
@Manual{R-pracma,
  title = {pracma: Practical Numerical Math Functions},
  author = {Hans W. Borchers},
  year = {2018},
  note = {R package version 2.1.4},
  url = {https://CRAN.R-project.org/package=pracma},
}
@Manual{R-praise,
  title = {praise: Praise Users},
  author = {Gabor Csardi and Sindre Sorhus},
  year = {2015},
  note = {R package version 1.0.0},
  url = {https://CRAN.R-project.org/package=praise},
}
@Manual{R-prediction,
  title = {prediction: Tidy, Type-Safe 'prediction()' Methods},
  author = {Thomas J. Leeper},
  year = {2018},
  note = {R package version 0.3.6},
  url = {https://CRAN.R-project.org/package=prediction},
}
@Manual{R-prereg,
  title = {prereg: R Markdown Templates to Preregister Scientific Studies},
  author = {Frederik Aust},
  year = {2017},
  note = {R package version 0.3.0},
  url = {https://CRAN.R-project.org/package=prereg},
}
@Manual{R-prettyunits,
  title = {prettyunits: Pretty, Human Readable Formatting of Quantities},
  author = {Gabor Csardi},
  year = {2015},
  note = {R package version 1.0.2},
  url = {https://CRAN.R-project.org/package=prettyunits},
}
@Manual{R-processx,
  title = {processx: Execute and Control System Processes},
  author = {Gábor Csárdi and Winston Chang},
  year = {2018},
  note = {R package version 3.1.0},
  url = {https://CRAN.R-project.org/package=processx},
}
@Manual{R-prodlim,
  title = {prodlim: Product-Limit Estimation for Censored Event History Analysis},
  author = {Thomas A. Gerds},
  year = {2018},
  note = {R package version 2018.04.18},
  url = {https://CRAN.R-project.org/package=prodlim},
}
@Manual{R-progress,
  title = {progress: Terminal Progress Bars},
  author = {Gábor Csárdi and Rich FitzJohn},
  year = {2018},
  note = {R package version 1.2.0},
  url = {https://CRAN.R-project.org/package=progress},
}
@Manual{R-promises,
  title = {promises: Abstractions for Promise-Based Asynchronous Programming},
  author = {Joe Cheng},
  year = {2018},
  note = {R package version 1.0.1},
  url = {https://CRAN.R-project.org/package=promises},
}
@Manual{R-proto,
  title = {proto: Prototype Object-Based Programming},
  author = {Gabor Grothendieck and Louis Kates and Thomas Petzoldt},
  year = {2016},
  note = {R package version 1.0.0},
  url = {https://CRAN.R-project.org/package=proto},
}
@Manual{R-pryr,
  title = {pryr: Tools for Computing on the Language},
  author = {Hadley Wickham},
  year = {2018},
  note = {R package version 0.1.4},
  url = {https://CRAN.R-project.org/package=pryr},
}
@Manual{R-psych,
  title = {psych: Procedures for Psychological, Psychometric, and Personality
Research},
  author = {William Revelle},
  year = {2018},
  note = {R package version 1.8.4},
  url = {https://CRAN.R-project.org/package=psych},
}
@Manual{R-psychLit,
  title = {psychLit: Psychological Literature Metadata},
  author = {Matti Vuorre},
  year = {2017},
  note = {R package version 0.3.2},
  url = {https://github.com/mvuorre/psychLit/},
}
@Manual{R-purrr,
  title = {purrr: Functional Programming Tools},
  author = {Lionel Henry and Hadley Wickham},
  year = {2018},
  note = {R package version 0.2.5},
  url = {https://CRAN.R-project.org/package=purrr},
}
@Manual{R-pwr,
  title = {pwr: Basic Functions for Power Analysis},
  author = {Stephane Champely},
  year = {2018},
  note = {R package version 1.2-2},
  url = {https://CRAN.R-project.org/package=pwr},
}
@Manual{R-pwr2,
  title = {pwr2: Power and Sample Size Analysis for One-way and Two-way ANOVA
Models},
  author = {Pengcheng Lu and Junhao Liu and Devin Koestler},
  year = {2017},
  note = {R package version 1.0},
  url = {https://CRAN.R-project.org/package=pwr2},
}
@Manual{R-quadprog,
  title = {quadprog: Functions to solve Quadratic Programming Problems.},
  author = {Berwin A. Turlach and Andreas Weingessel},
  year = {2013},
  note = {R package version 1.5-5},
  url = {https://CRAN.R-project.org/package=quadprog},
}
@Manual{R-quantmod,
  title = {quantmod: Quantitative Financial Modelling Framework},
  author = {Jeffrey A. Ryan and Joshua M. Ulrich},
  year = {2018},
  note = {R package version 0.4-13},
  url = {https://CRAN.R-project.org/package=quantmod},
}
@Manual{R-quantreg,
  title = {quantreg: Quantile Regression},
  author = {Roger Koenker},
  year = {2018},
  note = {R package version 5.36},
  url = {https://CRAN.R-project.org/package=quantreg},
}
@Manual{R-R.cache,
  title = {R.cache: Fast and Light-Weight Caching (Memoization) of Objects and
Results to Speed Up Computations},
  author = {Henrik Bengtsson},
  year = {2018},
  note = {R package version 0.13.0},
  url = {https://CRAN.R-project.org/package=R.cache},
}
@Manual{R-R.matlab,
  title = {R.matlab: Read and Write MAT Files and Call MATLAB from Within R},
  author = {Henrik Bengtsson},
  year = {2016},
  note = {R package version 3.6.1},
  url = {https://CRAN.R-project.org/package=R.matlab},
}
@Manual{R-R.methodsS3,
  title = {R.methodsS3: S3 Methods Simplified},
  author = {Henrik Bengtsson},
  year = {2016},
  note = {R package version 1.7.1},
  url = {https://CRAN.R-project.org/package=R.methodsS3},
}
@Manual{R-R.oo,
  title = {R.oo: R Object-Oriented Programming with or without References},
  author = {Henrik Bengtsson},
  year = {2018},
  note = {R package version 1.22.0},
  url = {https://CRAN.R-project.org/package=R.oo},
}
@Manual{R-R.rsp,
  title = {R.rsp: Dynamic Generation of Scientific Reports},
  author = {Henrik Bengtsson},
  year = {2018},
  note = {R package version 0.42.0},
  url = {https://CRAN.R-project.org/package=R.rsp},
}
@Manual{R-R.utils,
  title = {R.utils: Various Programming Utilities},
  author = {Henrik Bengtsson},
  year = {2017},
  note = {R package version 2.6.0},
  url = {https://CRAN.R-project.org/package=R.utils},
}
@Manual{R-R6,
  title = {R6: Classes with Reference Semantics},
  author = {Winston Chang},
  year = {2017},
  note = {R package version 2.2.2},
  url = {https://CRAN.R-project.org/package=R6},
}
@Manual{R-rappdirs,
  title = {rappdirs: Application Directories: Determine Where to Save Data, Caches,
and Logs},
  author = {Sridhar Ratnakumar and Trent Mick and Trevor Davis},
  year = {2016},
  note = {R package version 0.3.1},
  url = {https://CRAN.R-project.org/package=rappdirs},
}
@Manual{R-raster,
  title = {raster: Geographic Data Analysis and Modeling},
  author = {Robert J. Hijmans},
  year = {2017},
  note = {R package version 2.6-7},
  url = {https://CRAN.R-project.org/package=raster},
}
@Manual{R-Rcgmin,
  title = {Rcgmin: Conjugate Gradient Minimization of Nonlinear Functions},
  author = {John C. Nash},
  year = {2014},
  note = {R package version 2013-2.21},
  url = {https://CRAN.R-project.org/package=Rcgmin},
}
@Manual{R-RColorBrewer,
  title = {RColorBrewer: ColorBrewer Palettes},
  author = {Erich Neuwirth},
  year = {2014},
  note = {R package version 1.1-2},
  url = {https://CRAN.R-project.org/package=RColorBrewer},
}
@Manual{R-Rcpp,
  title = {Rcpp: Seamless R and C++ Integration},
  author = {Dirk Eddelbuettel and Romain Francois and JJ Allaire and Kevin Ushey and Qiang Kou and Nathan Russell and Douglas Bates and John Chambers},
  year = {2018},
  note = {R package version 0.12.17},
  url = {https://CRAN.R-project.org/package=Rcpp},
}
@Manual{R-RcppArmadillo,
  title = {RcppArmadillo: 'Rcpp' Integration for the 'Armadillo' Templated Linear Algebra
Library},
  author = {Dirk Eddelbuettel and Romain Francois and Doug Bates and Binxiang Ni},
  year = {2018},
  note = {R package version 0.8.600.0.0},
  url = {https://CRAN.R-project.org/package=RcppArmadillo},
}
@Manual{R-RcppCCTZ,
  title = {RcppCCTZ: 'Rcpp' Bindings for the 'CCTZ' Library},
  author = {Dirk Eddelbuettel},
  year = {2017},
  note = {R package version 0.2.3},
  url = {https://CRAN.R-project.org/package=RcppCCTZ},
}
@Manual{R-RcppEigen,
  title = {RcppEigen: 'Rcpp' Integration for the 'Eigen' Templated Linear Algebra
Library},
  author = {Douglas Bates and Dirk Eddelbuettel and Romain Francois and Yixuan Qiu; the authors of Eigen for the included version of Eigen},
  year = {2018},
  note = {R package version 0.3.3.4.0},
  url = {https://CRAN.R-project.org/package=RcppEigen},
}
@Manual{R-RcppRoll,
  title = {RcppRoll: Efficient Rolling / Windowed Operations},
  author = {Kevin Ushey},
  year = {2018},
  note = {R package version 0.3.0},
  url = {https://CRAN.R-project.org/package=RcppRoll},
}
@Manual{R-rcrossref,
  title = {rcrossref: Client for Various 'CrossRef' 'APIs'},
  author = {Scott Chamberlain and Carl Boettiger and Ted Hart and Karthik Ram},
  year = {2017},
  note = {R package version 0.8.0},
  url = {https://CRAN.R-project.org/package=rcrossref},
}
@Manual{R-RCurl,
  title = {RCurl: General Network (HTTP/FTP/...) Client Interface for R},
  author = {Duncan {Temple Lang} and the CRAN team},
  year = {2018},
  note = {R package version 1.95-4.10},
  url = {https://CRAN.R-project.org/package=RCurl},
}
@Manual{R-Rdpack,
  title = {Rdpack: Update and Manipulate Rd Documentation Objects},
  author = {Georgi N. Boshnakov},
  year = {2018},
  note = {R package version 0.8-0},
  url = {https://CRAN.R-project.org/package=Rdpack},
}
@Manual{R-readr,
  title = {readr: Read Rectangular Text Data},
  author = {Hadley Wickham and Jim Hester and Romain Francois},
  year = {2017},
  note = {R package version 1.1.1},
  url = {https://CRAN.R-project.org/package=readr},
}
@Manual{R-readxl,
  title = {readxl: Read Excel Files},
  author = {Hadley Wickham and Jennifer Bryan},
  year = {2018},
  note = {R package version 1.1.0},
  url = {https://CRAN.R-project.org/package=readxl},
}
@Manual{R-recipes,
  title = {recipes: Preprocessing Tools to Create Design Matrices},
  author = {Max Kuhn and Hadley Wickham},
  year = {2018},
  note = {R package version 0.1.3},
  url = {https://CRAN.R-project.org/package=recipes},
}
@Manual{R-registry,
  title = {registry: Infrastructure for R Package Registries},
  author = {David Meyer},
  year = {2017},
  note = {R package version 0.5},
  url = {https://CRAN.R-project.org/package=registry},
}
@Manual{R-rematch,
  title = {rematch: Match Regular Expressions with a Nicer 'API'},
  author = {Gabor Csardi},
  year = {2016},
  note = {R package version 1.0.1},
  url = {https://CRAN.R-project.org/package=rematch},
}
@Manual{R-rentrez,
  title = {rentrez: 'Entrez' in R},
  author = {David Winter},
  year = {2018},
  note = {R package version 1.2.1},
  url = {https://CRAN.R-project.org/package=rentrez},
}
@Manual{R-reprex,
  title = {reprex: Prepare Reproducible Example Code via the Clipboard},
  author = {Jennifer Bryan and Jim Hester and David Robinson and Hadley Wickham},
  year = {2018},
  note = {R package version 0.2.0},
  url = {https://CRAN.R-project.org/package=reprex},
}
@Manual{R-reshape,
  title = {reshape: Flexibly Reshape Data},
  author = {Hadley Wickham},
  year = {2017},
  note = {R package version 0.8.7},
  url = {https://CRAN.R-project.org/package=reshape},
}
@Manual{R-reshape2,
  title = {reshape2: Flexibly Reshape Data: A Reboot of the Reshape Package},
  author = {Hadley Wickham},
  year = {2017},
  note = {R package version 1.4.3},
  url = {https://CRAN.R-project.org/package=reshape2},
}
@Manual{R-rethinking,
  title = {rethinking: Statistical Rethinking book package},
  author = {Richard McElreath},
  year = {2016},
  note = {R package version 1.59},
}
@Manual{R-rex,
  title = {rex: Friendly Regular Expressions},
  author = {Kevin Ushey and Jim Hester and Robert Krzyzanowski},
  year = {2017},
  note = {R package version 1.1.2},
  url = {https://CRAN.R-project.org/package=rex},
}
@Manual{R-rgexf,
  title = {rgexf: Build, Import and Export GEXF Graph Files},
  author = {George Vega Yon and Jorge Fábrega Lacoa and Joshua B. Kunst},
  year = {2015},
  note = {R package version 0.15.3},
  url = {https://CRAN.R-project.org/package=rgexf},
}
@Manual{R-rgl,
  title = {rgl: 3D Visualization Using OpenGL},
  author = {Daniel Adler and Duncan Murdoch},
  year = {2018},
  note = {R package version 0.99.16},
  url = {https://CRAN.R-project.org/package=rgl},
}
@Manual{R-rio,
  title = {rio: A Swiss-Army Knife for Data I/O},
  author = {Chung-hong Chan and Thomas J. Leeper},
  year = {2018},
  note = {R package version 0.5.10},
  url = {https://CRAN.R-project.org/package=rio},
}
@Manual{R-rjags,
  title = {rjags: Bayesian Graphical Models using MCMC},
  author = {Martyn Plummer},
  year = {2016},
  note = {R package version 4-6},
  url = {https://CRAN.R-project.org/package=rjags},
}
@Manual{R-rJava,
  title = {rJava: Low-Level R to Java Interface},
  author = {Simon Urbanek},
  year = {2018},
  note = {R package version 0.9-10},
  url = {https://CRAN.R-project.org/package=rJava},
}
@Manual{R-RJSONIO,
  title = {RJSONIO: Serialize R objects to JSON, JavaScript Object Notation},
  author = {Duncan {Temple Lang}},
  year = {2014},
  note = {R package version 1.3-0},
  url = {https://CRAN.R-project.org/package=RJSONIO},
}
@Manual{R-rlang,
  title = {rlang: Functions for Base Types and Core R and 'Tidyverse' Features},
  author = {Lionel Henry and Hadley Wickham},
  year = {2018},
  note = {R package version 0.2.1},
  url = {https://CRAN.R-project.org/package=rlang},
}
@Manual{R-rmarkdown,
  title = {rmarkdown: Dynamic Documents for R},
  author = {JJ Allaire and Yihui Xie and Jonathan McPherson and Javier Luraschi and Kevin Ushey and Aron Atkins and Hadley Wickham and Joe Cheng and Winston Chang},
  year = {2018},
  note = {R package version 1.10},
  url = {https://CRAN.R-project.org/package=rmarkdown},
}
@Manual{R-rmatio,
  title = {rmatio: Read and Write 'Matlab' Files},
  author = {Stefan Widgren and Christopher Hulbert},
  year = {2017},
  note = {R package version 0.12.0},
  url = {https://CRAN.R-project.org/package=rmatio},
}
@Manual{R-Rmisc,
  title = {Rmisc: Ryan Miscellaneous},
  author = {Ryan M. Hope},
  year = {2013},
  note = {R package version 1.5},
  url = {https://CRAN.R-project.org/package=Rmisc},
}
@Manual{R-rngtools,
  title = {rngtools: Utility Functions for Working with Random Number Generators},
  author = {Renaud Gaujoux},
  year = {2018},
  note = {R package version 1.3.1},
  url = {https://CRAN.R-project.org/package=rngtools},
}
@Manual{R-RNHANES,
  title = {RNHANES: Facilitates Analysis of CDC NHANES Data},
  author = {Herb Susmann},
  year = {2016},
  note = {R package version 1.1.0},
  url = {https://CRAN.R-project.org/package=RNHANES},
}
@Manual{R-robustbase,
  title = {robustbase: Basic Robust Statistics},
  author = {Valentin Todorov and Andreas Ruckstuhl and Matias Salibian-Barrera and Tobias Verbeke and Manuel Koller and Martin Maechler},
  year = {2018},
  note = {R package version 0.93-1},
  url = {https://CRAN.R-project.org/package=robustbase},
}
@Manual{R-Rook,
  title = {Rook: Rook - a web server interface for R},
  author = {Jeffrey Horner},
  year = {2014},
  note = {R package version 1.1-1},
  url = {https://CRAN.R-project.org/package=Rook},
}
@Manual{R-roxygen2,
  title = {roxygen2: In-Line Documentation for R},
  author = {Hadley Wickham and Peter Danenberg and Manuel Eugster},
  year = {2017},
  note = {R package version 6.0.1},
  url = {https://CRAN.R-project.org/package=roxygen2},
}
@Manual{R-rpart,
  title = {rpart: Recursive Partitioning and Regression Trees},
  author = {Terry Therneau and Beth Atkinson},
  year = {2018},
  note = {R package version 4.1-13},
  url = {https://CRAN.R-project.org/package=rpart},
}
@Manual{R-rpf,
  title = {rpf: Response Probability Functions},
  author = {Joshua Pritikin},
  year = {2018},
  note = {R package version 0.59},
  url = {https://CRAN.R-project.org/package=rpf},
}
@Manual{R-rplos,
  title = {rplos: Interface to the Search 'API' for 'PLoS' Journals},
  author = {Scott Chamberlain and Carl Boettiger and Karthik Ram},
  year = {2017},
  note = {R package version 0.8.0},
  url = {https://CRAN.R-project.org/package=rplos},
}
@Manual{R-rprojroot,
  title = {rprojroot: Finding Files in Project Subdirectories},
  author = {Kirill Müller},
  year = {2018},
  note = {R package version 1.3-2},
  url = {https://CRAN.R-project.org/package=rprojroot},
}
@Manual{R-rsconnect,
  title = {rsconnect: Deployment Interface for R Markdown Documents and Shiny
Applications},
  author = {JJ Allaire},
  year = {2018},
  note = {R package version 0.8.8},
  url = {https://CRAN.R-project.org/package=rsconnect},
}
@Manual{R-rstan,
  title = {rstan: R Interface to Stan},
  author = {Jiqiang Guo and Jonah Gabry and Ben Goodrich},
  year = {2018},
  note = {R package version 2.17.3},
  url = {https://CRAN.R-project.org/package=rstan},
}
@Manual{R-rstanarm,
  title = {rstanarm: Bayesian Applied Regression Modeling via Stan},
  author = {Jonah Gabry and Ben Goodrich},
  year = {2018},
  note = {R package version 2.17.4},
  url = {https://CRAN.R-project.org/package=rstanarm},
}
@Manual{R-rstantools,
  title = {rstantools: Tools for Developing R Packages Interfacing with 'Stan'},
  author = {Jonah Gabry and Ben Goodrich},
  year = {2018},
  note = {R package version 1.5.0},
  url = {https://CRAN.R-project.org/package=rstantools},
}
@Manual{R-rstudioapi,
  title = {rstudioapi: Safely Access the RStudio API},
  author = {JJ Allaire and Hadley Wickham and Kevin Ushey and Gary Ritchie},
  year = {2017},
  note = {R package version 0.7},
  url = {https://CRAN.R-project.org/package=rstudioapi},
}
@Manual{R-rticles,
  title = {rticles: Article Formats for R Markdown},
  author = {JJ Allaire and {R Foundation} and Hadley Wickham and {Journal of Statistical Software} and Yihui Xie and Ramnath  Vaidyanathan and {Association for Computing Machinery} and Carl Boettiger and {Elsevier} and Karl Broman and Kirill Mueller and Bastiaan Quast and Randall  Pruim and Ben Marwick and Charlotte Wickham and Oliver Keyes and Miao Yu},
  year = {2017},
  note = {R package version 0.4.1},
  url = {https://CRAN.R-project.org/package=rticles},
}
@Manual{R-Rttf2pt1,
  title = {Rttf2pt1: 'ttf2pt1' Program},
  author = {Winston Chang and Andrew Weeks and Frank M. Siegert and Mark Heath and Thomas Henlick and Sergey Babkin and Turgut Uyar and Rihardas Hepas and Szalay Tamas and Johan Vromans and Petr Titera and Lei Wang and Chen Xiangyang and Zvezdan Petkovic and {Rigel} and I. Lee Hetherington},
  year = {2018},
  note = {R package version 1.3.7},
  url = {https://CRAN.R-project.org/package=Rttf2pt1},
}
@Manual{R-RUnit,
  title = {RUnit: R Unit Test Framework},
  author = {Matthias Burger and Klaus Juenemann and Thomas Koenig},
  year = {2018},
  note = {R package version 0.4.32},
  url = {https://CRAN.R-project.org/package=RUnit},
}
@Manual{R-runjags,
  title = {runjags: Interface Utilities, Model Templates, Parallel Computing Methods
and Additional Distributions for MCMC Models in JAGS},
  author = {Matthew Denwood},
  year = {2016},
  note = {R package version 2.0.4-2},
  url = {https://CRAN.R-project.org/package=runjags},
}
@Manual{R-rversions,
  title = {rversions: Query 'R' Versions, Including 'r-release' and 'r-oldrel'},
  author = {Gábor Csárdi},
  year = {2016},
  note = {R package version 1.0.3},
  url = {https://CRAN.R-project.org/package=rversions},
}
@Manual{R-rvest,
  title = {rvest: Easily Harvest (Scrape) Web Pages},
  author = {Hadley Wickham},
  year = {2016},
  note = {R package version 0.3.2},
  url = {https://CRAN.R-project.org/package=rvest},
}
@Manual{R-Rvmmin,
  title = {Rvmmin: Variable Metric Nonlinear Function Minimization},
  author = {John C. Nash},
  year = {2018},
  note = {R package version 2018-4.17},
  url = {https://CRAN.R-project.org/package=Rvmmin},
}
@Manual{R-RWiener,
  title = {RWiener: Wiener Process Distribution Functions},
  author = {Dominik Wabersich},
  year = {2017},
  note = {R package version 1.3-1},
  url = {https://CRAN.R-project.org/package=RWiener},
}
@Manual{R-Ryacas,
  title = {Ryacas: R Interface to the Yacas Computer Algebra System},
  author = {Rob Goedman and Gabor Grothendieck and Søren Højsgaard and Ayal Pinkus and Grzegorz Mazur},
  year = {2016},
  note = {R package version 0.3-1},
  url = {https://CRAN.R-project.org/package=Ryacas},
}
@Manual{R-sandwich,
  title = {sandwich: Robust Covariance Matrix Estimators},
  author = {Achim Zeileis and Thomas Lumley},
  year = {2017},
  note = {R package version 2.4-0},
  url = {https://CRAN.R-project.org/package=sandwich},
}
@Manual{R-scales,
  title = {scales: Scale Functions for Visualization},
  author = {Hadley Wickham},
  year = {2017},
  note = {R package version 0.5.0},
  url = {https://CRAN.R-project.org/package=scales},
}
@Manual{R-selectr,
  title = {selectr: Translate CSS Selectors to XPath Expressions},
  author = {Simon Potter and Simon Sapin and Ian Bicking},
  year = {2018},
  note = {R package version 0.4-1},
  url = {https://CRAN.R-project.org/package=selectr},
}
@Manual{R-sem,
  title = {sem: Structural Equation Models},
  author = {John Fox and Zhenghua Nie and Jarrett Byrnes},
  year = {2017},
  note = {R package version 3.1-9},
  url = {https://CRAN.R-project.org/package=sem},
}
@Manual{R-semTools,
  title = {semTools: Useful Tools for Structural Equation Modeling},
  author = {Terrence D. Jorgensen and Sunthud Pornprasertmanit and Alexander Schoemann and Yves Rosseel},
  year = {2018},
  note = {R package version 0.5-0},
  url = {https://CRAN.R-project.org/package=semTools},
}
@Manual{R-servr,
  title = {servr: A Simple HTTP Server to Serve Static Files or Dynamic Documents},
  author = {Yihui Xie},
  year = {2018},
  note = {R package version 0.10},
  url = {https://CRAN.R-project.org/package=servr},
}
@Manual{R-setRNG,
  title = {setRNG: Set (Normal) Random Number Generator and Seed},
  author = {Paul Gilbert},
  year = {2014},
  note = {R package version 2013.9-1},
  url = {https://CRAN.R-project.org/package=setRNG},
}
@Manual{R-sfsmisc,
  title = {sfsmisc: Utilities from 'Seminar fuer Statistik' ETH Zurich},
  author = {Martin Maechler},
  year = {2018},
  note = {R package version 1.1-2},
  url = {https://CRAN.R-project.org/package=sfsmisc},
}
@Manual{R-shape,
  title = {shape: Functions for Plotting Graphical Shapes, Colors},
  author = {Karline Soetaert},
  year = {2018},
  note = {R package version 1.4.4},
  url = {https://CRAN.R-project.org/package=shape},
}
@Manual{R-shiny,
  title = {shiny: Web Application Framework for R},
  author = {Winston Chang and Joe Cheng and JJ Allaire and Yihui Xie and Jonathan McPherson},
  year = {2018},
  note = {R package version 1.1.0},
  url = {https://CRAN.R-project.org/package=shiny},
}
@Manual{R-shinyjs,
  title = {shinyjs: Easily Improve the User Experience of Your Shiny Apps in Seconds},
  author = {Dean Attali},
  year = {2018},
  note = {R package version 1.0},
  url = {https://CRAN.R-project.org/package=shinyjs},
}
@Manual{R-shinystan,
  title = {shinystan: Interactive Visual and Numerical Diagnostics and Posterior
Analysis for Bayesian Models},
  author = {Jonah Gabry},
  year = {2018},
  note = {R package version 2.5.0},
  url = {https://CRAN.R-project.org/package=shinystan},
}
@Manual{R-shinythemes,
  title = {shinythemes: Themes for Shiny},
  author = {Winston Chang},
  year = {2016},
  note = {R package version 1.1.1},
  url = {https://CRAN.R-project.org/package=shinythemes},
}
@Manual{R-showtext,
  title = {showtext: Using Fonts More Easily in R Graphs},
  author = {Yixuan Qiu and authors/contributors of the included software. See file AUTHORS for details.},
  year = {2018},
  note = {R package version 0.5-1},
  url = {https://CRAN.R-project.org/package=showtext},
}
@Manual{R-showtextdb,
  title = {showtextdb: Font Files for the 'showtext' Package},
  author = {Yixuan Qiu and authors/contributors of the included fonts. See file AUTHORS for details.},
  year = {2017},
  note = {R package version 2.0},
  url = {https://CRAN.R-project.org/package=showtextdb},
}
@Manual{R-signal,
  title = {signal: Signal Processing},
  author = {Uwe Ligges and Tom Short and Paul Kienzle},
  year = {2015},
  note = {R package version 0.7-6},
  url = {https://CRAN.R-project.org/package=signal},
}
@Manual{R-sinaplot,
  title = {sinaplot: An Enhanced Chart for Simple and Truthful Representation of
Single Observations over Multiple Classes},
  author = {Nikos Sidiropoulos and Sina Hadi Sohi and Nicolas Rapin and Frederik Otzen Bagger},
  year = {2017},
  note = {R package version 1.1.0},
  url = {https://CRAN.R-project.org/package=sinaplot},
}
@Manual{R-sjlabelled,
  title = {sjlabelled: Labelled Data Utility Functions},
  author = {Daniel Lüdecke},
  year = {2018},
  note = {R package version 1.0.11},
  url = {https://CRAN.R-project.org/package=sjlabelled},
}
@Manual{R-sjmisc,
  title = {sjmisc: Data and Variable Transformation Functions},
  author = {Daniel Lüdecke},
  year = {2018},
  note = {R package version 2.7.3},
  url = {https://CRAN.R-project.org/package=sjmisc},
}
@Manual{R-sjPlot,
  title = {sjPlot: Data Visualization for Statistics in Social Science},
  author = {Daniel Lüdecke},
  year = {2018},
  note = {R package version 2.4.1},
  url = {https://CRAN.R-project.org/package=sjPlot},
}
@Manual{R-sjstats,
  title = {sjstats: Collection of Convenient Functions for Common Statistical
Computations},
  author = {Daniel Lüdecke},
  year = {2018},
  note = {R package version 0.15.0},
  url = {https://CRAN.R-project.org/package=sjstats},
}
@Manual{R-skimr,
  title = {skimr: Compact and Flexible Summaries of Data},
  author = {Amelia McNamara and Eduardo {Arino de la Rubia} and Hao Zhu and Shannon Ellis and Michael Quinn},
  year = {2018},
  note = {R package version 1.0.3},
  url = {https://CRAN.R-project.org/package=skimr},
}
@Manual{R-snakecase,
  title = {snakecase: Convert Strings into any Case},
  author = {Malte Grosser},
  year = {2018},
  note = {R package version 0.9.1},
  url = {https://CRAN.R-project.org/package=snakecase},
}
@Manual{R-SnowballC,
  title = {SnowballC: Snowball stemmers based on the C libstemmer UTF-8 library},
  author = {Milan Bouchet-Valat},
  year = {2014},
  note = {R package version 0.5.1},
  url = {https://CRAN.R-project.org/package=SnowballC},
}
@Manual{R-solrium,
  title = {solrium: General Purpose R Interface to 'Solr'},
  author = {Scott Chamberlain},
  year = {2017},
  note = {R package version 1.0.0},
  url = {https://CRAN.R-project.org/package=solrium},
}
@Manual{R-sourcetools,
  title = {sourcetools: Tools for Reading, Tokenizing and Parsing R Code},
  author = {Kevin Ushey},
  year = {2018},
  note = {R package version 0.1.7},
  url = {https://CRAN.R-project.org/package=sourcetools},
}
@Manual{R-sp,
  title = {sp: Classes and Methods for Spatial Data},
  author = {Edzer Pebesma and Roger Bivand},
  year = {2018},
  note = {R package version 1.3-1},
  url = {https://CRAN.R-project.org/package=sp},
}
@Manual{R-SparseM,
  title = {SparseM: Sparse Linear Algebra},
  author = {Roger Koenker and Pin Ng},
  year = {2017},
  note = {R package version 1.77},
  url = {https://CRAN.R-project.org/package=SparseM},
}
@Manual{R-spatial,
  title = {spatial: Functions for Kriging and Point Pattern Analysis},
  author = {Brian Ripley},
  year = {2015},
  note = {R package version 7.3-11},
  url = {https://CRAN.R-project.org/package=spatial},
}
@Manual{R-spData,
  title = {spData: Datasets for Spatial Analysis},
  author = {Roger Bivand and Jakub Nowosad and Robin Lovelace},
  year = {2018},
  note = {R package version 0.2.9.0},
  url = {https://CRAN.R-project.org/package=spData},
}
@Manual{R-spdep,
  title = {spdep: Spatial Dependence: Weighting Schemes, Statistics and Models},
  author = {Roger Bivand},
  year = {2018},
  note = {R package version 0.7-7},
  url = {https://CRAN.R-project.org/package=spdep},
}
@Manual{R-splancs,
  title = {splancs: Spatial and Space-Time Point Pattern Analysis},
  author = {Barry Rowlingson and Peter Diggle},
  year = {2017},
  note = {R package version 2.01-40},
  url = {https://CRAN.R-project.org/package=splancs},
}
@Manual{R-SQUAREM,
  title = {SQUAREM: Squared Extrapolation Methods for Accelerating EM-Like Monotone
Algorithms},
  author = {Ravi Varadhan},
  year = {2017},
  note = {R package version 2017.10-1},
  url = {https://CRAN.R-project.org/package=SQUAREM},
}
@Manual{R-StanHeaders,
  title = {StanHeaders: C++ Header Files for Stan},
  author = {Ben Goodrich and Andrew Gelman and Bob Carpenter and Matt Hoffman and Daniel Lee and Michael Betancourt and Marcus Brubaker and Jiqiang Guo and Peter Li and Allen Riddell and Marco Inacio and Mitzi Morris and Jeffrey Arnold and Rob Goedman and Brian Lau and Rob Trangucci and Jonah Gabry and Alp Kucukelbir and Robert Grant and Dustin Tran and Michael Malecki and Yuanjun Gao},
  year = {2018},
  note = {R package version 2.17.2},
  url = {https://CRAN.R-project.org/package=StanHeaders},
}
@Manual{R-statcheck,
  title = {statcheck: Extract Statistics from Articles and Recompute p Values},
  author = {Sacha Epskamp & Michele B. Nuijten <m.b.nuijten@uvt.nl>},
  year = {2018},
  note = {R package version 1.3.0},
  url = {https://CRAN.R-project.org/package=statcheck},
}
@Manual{R-sticer,
  title = {sticer: Sequential Testing with Information Criteria and Evidence Ratios},
  author = {Ladislas Nalborczyk},
  year = {2018},
  note = {R package version 0.3.0},
  url = {https://github.com/lnalborczyk/sticer},
}
@Manual{R-stinepack,
  title = {stinepack: Stineman, a consistently well behaved method of interpolation},
  author = {Tomas Johannesson & Halldor Bjornsson and Icelandic Met. Office; Gabor Grothendieck},
  year = {2012},
  note = {R package version 1.3},
  url = {https://CRAN.R-project.org/package=stinepack},
}
@Manual{R-stopwords,
  title = {stopwords: Multilingual Stopword Lists},
  author = {Kenneth Benoit and David Muhr and Kohei Watanabe},
  year = {2017},
  note = {R package version 0.9.0},
  url = {https://CRAN.R-project.org/package=stopwords},
}
@Manual{R-storr,
  title = {storr: Simple Key Value Stores},
  author = {Rich FitzJohn},
  year = {2018},
  note = {R package version 1.2.0},
  url = {https://CRAN.R-project.org/package=storr},
}
@Manual{R-strengejacke,
  title = {strengejacke: Load Packages Associated with Strenge Jacke!},
  author = {Daniel Lüdecke},
  year = {2017},
  note = {R package version 0.2.0},
  url = {https://github.com/strengejacke/strengejacke},
}
@Manual{R-stringdist,
  title = {stringdist: Approximate String Matching and String Distance Functions},
  author = {Mark {van der Loo}},
  year = {2018},
  note = {R package version 0.9.5.1},
  url = {https://CRAN.R-project.org/package=stringdist},
}
@Manual{R-stringi,
  title = {stringi: Character String Processing Facilities},
  author = {Marek Gagolewski and Bartek Tartanus and and other contributors; IBM and other contributors; Unicode and {Inc.}},
  year = {2018},
  note = {R package version 1.2.3},
  url = {https://CRAN.R-project.org/package=stringi},
}
@Manual{R-stringr,
  title = {stringr: Simple, Consistent Wrappers for Common String Operations},
  author = {Hadley Wickham},
  year = {2018},
  note = {R package version 1.3.1},
  url = {https://CRAN.R-project.org/package=stringr},
}
@Manual{R-survey,
  title = {survey: Analysis of Complex Survey Samples},
  author = {Thomas Lumley},
  year = {2018},
  note = {R package version 3.33-2},
  url = {https://CRAN.R-project.org/package=survey},
}
@Manual{R-survival,
  title = {survival: Survival Analysis},
  author = {Terry M Therneau},
  year = {2018},
  note = {R package version 2.42-4},
  url = {https://CRAN.R-project.org/package=survival},
}
@Manual{R-svglite,
  title = {svglite: An 'SVG' Graphics Device},
  author = {Hadley Wickham and Lionel Henry and T Jake Luciani and Matthieu Decorde and Vaudor Lise},
  year = {2017},
  note = {R package version 1.2.1},
  url = {https://CRAN.R-project.org/package=svglite},
}
@Manual{R-svUnit,
  title = {svUnit: SciViews GUI API - Unit testing},
  author = {Philippe Grosjean},
  year = {2014},
  note = {R package version 0.7-12},
  url = {https://CRAN.R-project.org/package=svUnit},
}
@Manual{R-sysfonts,
  title = {sysfonts: Loading Fonts into R},
  author = {Yixuan Qiu and authors/contributors of the included fonts. See file AUTHORS for details.},
  year = {2018},
  note = {R package version 0.7.2},
  url = {https://CRAN.R-project.org/package=sysfonts},
}
@Manual{R-TeachingDemos,
  title = {TeachingDemos: Demonstrations for Teaching and Learning},
  author = {Greg Snow},
  year = {2016},
  note = {R package version 2.10},
  url = {https://CRAN.R-project.org/package=TeachingDemos},
}
@Manual{R-tensorA,
  title = {tensorA: Advanced tensors arithmetic with named indices},
  author = {K. Gerald {van den Boogaart}},
  year = {2010},
  note = {R package version 0.36},
  url = {https://CRAN.R-project.org/package=tensorA},
}
@Manual{R-testthat,
  title = {testthat: Unit Testing for R},
  author = {Hadley Wickham},
  year = {2017},
  note = {R package version 2.0.0},
  url = {https://CRAN.R-project.org/package=testthat},
}
@Manual{R-TH.data,
  title = {TH.data: TH's Data Archive},
  author = {Torsten Hothorn},
  year = {2017},
  note = {R package version 1.0-8},
  url = {https://CRAN.R-project.org/package=TH.data},
}
@Manual{R-thesisdown,
  title = {thesisdown: An updated R Markdown thesis template using the bookdown package},
  author = {Chester Ismay},
  note = {R package version 0.0.2},
  year = {2018},
}
@Manual{R-threejs,
  title = {threejs: Interactive 3D Scatter Plots, Networks and Globes},
  author = {B. W. Lewis},
  year = {2017},
  note = {R package version 0.3.1},
  url = {https://CRAN.R-project.org/package=threejs},
}
@Manual{R-tibble,
  title = {tibble: Simple Data Frames},
  author = {Kirill Müller and Hadley Wickham},
  year = {2018},
  note = {R package version 1.4.2},
  url = {https://CRAN.R-project.org/package=tibble},
}
@Manual{R-tidybayes,
  title = {tidybayes: Tidy Data and Geoms for MCMC/Bayesian Samplers},
  author = {Matthew Kay},
  year = {2018},
  note = {R package version 0.12.0.000002},
  url = {https://github.com/mjskay/tidybayes},
}
@Manual{R-tidyr,
  title = {tidyr: Easily Tidy Data with 'spread()' and 'gather()' Functions},
  author = {Hadley Wickham and Lionel Henry},
  year = {2018},
  note = {R package version 0.8.1},
  url = {https://CRAN.R-project.org/package=tidyr},
}
@Manual{R-tidyselect,
  title = {tidyselect: Select from a Set of Strings},
  author = {Lionel Henry and Hadley Wickham},
  year = {2018},
  note = {R package version 0.2.4},
  url = {https://CRAN.R-project.org/package=tidyselect},
}
@Manual{R-tidytext,
  title = {tidytext: Text Mining using 'dplyr', 'ggplot2', and Other Tidy Tools},
  author = {David Robinson and Julia Silge},
  year = {2018},
  note = {R package version 0.1.9},
  url = {https://CRAN.R-project.org/package=tidytext},
}
@Manual{R-tidyverse,
  title = {tidyverse: Easily Install and Load the 'Tidyverse'},
  author = {Hadley Wickham},
  year = {2017},
  note = {R package version 1.2.1},
  url = {https://CRAN.R-project.org/package=tidyverse},
}
@Manual{R-timeDate,
  title = {timeDate: Rmetrics - Chronological and Calendar Objects},
  author = {Diethelm Wuertz and Tobias Setz and Yohan Chalabi and Martin Maechler and Joe W. Byers},
  year = {2018},
  note = {R package version 3043.102},
  url = {https://CRAN.R-project.org/package=timeDate},
}
@Manual{R-tinytex,
  title = {tinytex: Helper Functions to Install and Maintain 'TeX Live', and Compile
'LaTeX' Documents},
  author = {Yihui Xie},
  year = {2018},
  note = {R package version 0.5},
  url = {https://CRAN.R-project.org/package=tinytex},
}
@Manual{R-titanic,
  title = {titanic: Titanic Passenger Survival Data Set},
  author = {Paul Hendricks},
  year = {2015},
  note = {R package version 0.1.0},
  url = {https://CRAN.R-project.org/package=titanic},
}
@Manual{R-TMB,
  title = {TMB: Template Model Builder: A General Random Effect Tool Inspired by
'ADMB'},
  author = {Kasper Kristensen},
  year = {2018},
  note = {R package version 1.7.14},
  url = {https://CRAN.R-project.org/package=TMB},
}
@Manual{R-tmvtnorm,
  title = {tmvtnorm: Truncated Multivariate Normal and Student t Distribution},
  author = {Stefan Wilhelm with contributions from Manjunath B G <bgmanjunath@gmail.com>},
  year = {2015},
  note = {R package version 1.4-10},
  url = {https://CRAN.R-project.org/package=tmvtnorm},
}
@Manual{R-tokenizers,
  title = {tokenizers: Fast, Consistent Tokenization of Natural Language Text},
  author = {Lincoln Mullen},
  year = {2018},
  note = {R package version 0.2.1},
  url = {https://CRAN.R-project.org/package=tokenizers},
}
@Manual{R-triebeard,
  title = {triebeard: 'Radix' Trees in 'Rcpp'},
  author = {Oliver Keyes and Drew Schmidt and Yuuki Takano},
  year = {2016},
  note = {R package version 0.3.0},
  url = {https://CRAN.R-project.org/package=triebeard},
}
@Manual{R-truncnorm,
  title = {truncnorm: Truncated Normal Distribution},
  author = {Olaf Mersmann and Heike Trautmann and Detlef Steuer and Björn Bornkamp},
  year = {2018},
  note = {R package version 1.0-8},
  url = {https://CRAN.R-project.org/package=truncnorm},
}
@Manual{R-tseries,
  title = {tseries: Time Series Analysis and Computational Finance},
  author = {Adrian Trapletti and Kurt Hornik},
  year = {2018},
  note = {R package version 0.10-45},
  url = {https://CRAN.R-project.org/package=tseries},
}
@Manual{R-TTR,
  title = {TTR: Technical Trading Rules},
  author = {Joshua Ulrich},
  year = {2018},
  note = {R package version 0.23-3},
  url = {https://CRAN.R-project.org/package=TTR},
}
@Manual{R-tufte,
  title = {tufte: Tufte's Styles for R Markdown Documents},
  author = {Yihui Xie and JJ Allaire},
  year = {2018},
  note = {R package version 0.3},
  url = {https://CRAN.R-project.org/package=tufte},
}
@Manual{R-tuneR,
  title = {tuneR: Analysis of Music and Speech},
  author = {Uwe Ligges},
  year = {2017},
  note = {R package version 1.3.2},
  url = {https://CRAN.R-project.org/package=tuneR},
}
@Manual{R-tweenr,
  title = {tweenr: Interpolate Data for Smooth Animations},
  author = {Thomas Lin Pedersen},
  year = {2016},
  note = {R package version 0.1.5},
  url = {https://CRAN.R-project.org/package=tweenr},
}
@Manual{R-ucminf,
  title = {ucminf: General-Purpose Unconstrained Non-Linear Optimization},
  author = {Hans Bruun Nielsen and Stig Bousgaard Mortensen},
  year = {2016},
  note = {R package version 1.1-4},
  url = {https://CRAN.R-project.org/package=ucminf},
}
@Manual{R-udapi,
  title = {udapi: Urban Dictionary API Client},
  author = {Oliver Keyes},
  year = {2018},
  note = {R package version 0.1.1},
  url = {https://CRAN.R-project.org/package=udapi},
}
@Manual{R-udunits2,
  title = {udunits2: Udunits-2 Bindings for R},
  author = {James Hiebert},
  year = {2016},
  note = {R package version 0.13},
  url = {https://CRAN.R-project.org/package=udunits2},
}
@Manual{R-units,
  title = {units: Measurement Units for R Vectors},
  author = {Edzer Pebesma and Thomas Mailund and Tomasz Kalinowski},
  year = {2018},
  note = {R package version 0.6-0},
  url = {https://CRAN.R-project.org/package=units},
}
@Manual{R-unmarked,
  title = {unmarked: Models for Data from Unmarked Animals},
  author = {Ian Fiske and Richard Chandler and David Miller and Andy Royle and Marc Kery and Jeff Hostetler and Rebecca Hutchinson},
  year = {2017},
  note = {R package version 0.12-2},
  url = {https://CRAN.R-project.org/package=unmarked},
}
@Manual{R-urca,
  title = {urca: Unit Root and Cointegration Tests for Time Series Data},
  author = {Bernhard Pfaff},
  year = {2016},
  note = {R package version 1.3-0},
  url = {https://CRAN.R-project.org/package=urca},
}
@Manual{R-urltools,
  title = {urltools: Vectorised Tools for URL Handling and Parsing},
  author = {Oliver Keyes and Jay Jacobs and Drew Schmidt and Mark Greenaway and Bob Rudis and Alex Pinto and Maryam Khezrzadeh and Peter Meilstrup and Adam M. Costello and Jeff Bezanson and Peter Meilstrup and Xueyuan Jiang},
  year = {2018},
  note = {R package version 1.7.0},
  url = {https://CRAN.R-project.org/package=urltools},
}
@Manual{R-uroot,
  title = {uroot: Unit Root Tests for Seasonal Time Series},
  author = {Javier López-de-Lacalle},
  year = {2017},
  note = {R package version 2.0-9},
  url = {https://CRAN.R-project.org/package=uroot},
}
@Manual{R-utf8,
  title = {utf8: Unicode Text Processing},
  author = {Patrick O. Perry},
  year = {2018},
  note = {R package version 1.1.4},
  url = {https://CRAN.R-project.org/package=utf8},
}
@Manual{R-V8,
  title = {V8: Embedded JavaScript Engine for R},
  author = {Jeroen Ooms},
  year = {2017},
  note = {R package version 1.5},
  url = {https://CRAN.R-project.org/package=V8},
}
@Manual{R-vdiffr,
  title = {vdiffr: Visual Regression Testing and Graphical Diffing},
  author = {Lionel Henry and Carl Sutherland and David Hong},
  year = {2018},
  note = {R package version 0.2.3},
  url = {https://CRAN.R-project.org/package=vdiffr},
}
@Manual{R-VGAM,
  title = {VGAM: Vector Generalized Linear and Additive Models},
  author = {Thomas W. Yee},
  year = {2018},
  note = {R package version 1.0-5},
  url = {https://CRAN.R-project.org/package=VGAM},
}
@Manual{R-vipor,
  title = {vipor: Plot Categorical Data Using Quasirandom Noise and Density
Estimates},
  author = {Scott Sherrill-Mix and Erik Clarke},
  year = {2017},
  note = {R package version 0.4.5},
  url = {https://CRAN.R-project.org/package=vipor},
}
@Manual{R-viridis,
  title = {viridis: Default Color Maps from 'matplotlib'},
  author = {Simon Garnier},
  year = {2018},
  note = {R package version 0.5.1},
  url = {https://CRAN.R-project.org/package=viridis},
}
@Manual{R-viridisLite,
  title = {viridisLite: Default Color Maps from 'matplotlib' (Lite Version)},
  author = {Simon Garnier},
  year = {2018},
  note = {R package version 0.3.0},
  url = {https://CRAN.R-project.org/package=viridisLite},
}
@Manual{R-visNetwork,
  title = {visNetwork: Network Visualization using 'vis.js' Library},
  author = {{Almende B.V.} and Benoit Thieurmel and Titouan Robert},
  year = {2018},
  note = {R package version 2.0.4},
  url = {https://CRAN.R-project.org/package=visNetwork},
}
@Manual{R-vmisc,
  title = {vmisc: Vuorre Miscellaneous},
  author = {Matti Vuorre},
  year = {2017},
  note = {R package version 0.3.5},
}
@Manual{R-webshot,
  title = {webshot: Take Screenshots of Web Pages},
  author = {Winston Chang},
  year = {2017},
  note = {R package version 0.5.0},
  url = {https://CRAN.R-project.org/package=webshot},
}
@Manual{R-wesanderson,
  title = {wesanderson: A Wes Anderson Palette Generator},
  author = {Karthik Ram and Hadley Wickham},
  year = {2018},
  note = {R package version 0.3.6},
  url = {https://CRAN.R-project.org/package=wesanderson},
}
@Manual{R-whisker,
  title = {whisker: {{mustache}} for R, logicless templating},
  author = {Edwin {de Jonge}},
  year = {2013},
  note = {R package version 0.3-2},
  url = {https://CRAN.R-project.org/package=whisker},
}
@Manual{R-withr,
  title = {withr: Run Code 'With' Temporarily Modified Global State},
  author = {Jim Hester and Kirill Müller and Kevin Ushey and Hadley Wickham and Winston Chang},
  year = {2018},
  note = {R package version 2.1.2},
  url = {https://CRAN.R-project.org/package=withr},
}
@Manual{R-wordcountaddin,
  title = {wordcountaddin: Word counts and readability statistics in R markdown documents},
  author = {Ben Marwick},
  note = {R package version 0.2.0},
  year = {2018},
}
@Manual{R-xaringan,
  title = {xaringan: Presentation Ninja},
  author = {Yihui Xie},
  year = {2018},
  note = {R package version 0.6},
  url = {https://CRAN.R-project.org/package=xaringan},
}
@Manual{R-xfun,
  title = {xfun: Miscellaneous Functions by 'Yihui Xie'},
  author = {Yihui Xie},
  year = {2018},
  note = {R package version 0.3},
  url = {https://CRAN.R-project.org/package=xfun},
}
@Manual{R-xlsx,
  title = {xlsx: Read, Write, Format Excel 2007 and Excel 97/2000/XP/2003 Files},
  author = {Adrian A. Dragulescu and Cole Arendt},
  year = {2018},
  note = {R package version 0.6.1},
  url = {https://CRAN.R-project.org/package=xlsx},
}
@Manual{R-xlsxjars,
  title = {xlsxjars: Package required POI jars for the xlsx package},
  author = {Adrian A. Dragulescu},
  year = {2014},
  note = {R package version 0.6.1},
  url = {https://CRAN.R-project.org/package=xlsxjars},
}
@Manual{R-XML,
  title = {XML: Tools for Parsing and Generating XML Within R and S-Plus},
  author = {Duncan {Temple Lang} and the CRAN Team},
  year = {2018},
  note = {R package version 3.98-1.11},
  url = {https://CRAN.R-project.org/package=XML},
}
@Manual{R-xml2,
  title = {xml2: Parse XML},
  author = {Hadley Wickham and James Hester and Jeroen Ooms},
  year = {2018},
  note = {R package version 1.2.0},
  url = {https://CRAN.R-project.org/package=xml2},
}
@Manual{R-xtable,
  title = {xtable: Export Tables to LaTeX or HTML},
  author = {David B. Dahl},
  year = {2016},
  note = {R package version 1.8-2},
  url = {https://CRAN.R-project.org/package=xtable},
}
@Manual{R-xts,
  title = {xts: eXtensible Time Series},
  author = {Jeffrey A. Ryan and Joshua M. Ulrich},
  year = {2018},
  note = {R package version 0.10-2},
  url = {https://CRAN.R-project.org/package=xts},
}
@Manual{R-yaml,
  title = {yaml: Methods to Convert R Data to YAML and Back},
  author = {Jeremy Stephens and Kirill Simonov and Yihui Xie and Zhuoer Dong and Hadley Wickham and Jeffrey Horner and {reikoch} and Will Beasley and Brendan O'Connor and Gregory R. Warnes},
  year = {2018},
  note = {R package version 2.1.19},
  url = {https://CRAN.R-project.org/package=yaml},
}
@Manual{R-yesno,
  title = {yesno: Ask Yes-No Questions},
  author = {Joe Thorley and Hadley Wickham},
  year = {2018},
  note = {R package version 0.1.0},
  url = {https://CRAN.R-project.org/package=yesno},
}
@Manual{R-zip,
  title = {zip: Cross-Platform 'zip' Compression},
  author = {Gábor Csárdi and Kuba Podgórski and Rich Geldreich},
  year = {2017},
  note = {R package version 1.0.0},
  url = {https://CRAN.R-project.org/package=zip},
}
@Manual{R-zoo,
  title = {zoo: S3 Infrastructure for Regular and Irregular Time Series (Z's
Ordered Observations)},
  author = {Achim Zeileis and Gabor Grothendieck and Jeffrey A. Ryan},
  year = {2018},
  note = {R package version 1.8-2},
  url = {https://CRAN.R-project.org/package=zoo},
}
